1987 3132
701 56 754 100 11
782 70 1004 101 nneunmns
1028 56 1158 101 1862.
1487 110 1491 120 χ
1605 58 1687 102 ⁶221

171 166 268 198 vera
300 166 346 196 ac
370 152 457 197 sola
480 153 647 196 radonis
672 156 710 196 et
745 151 1051 209 philosophicae
1074 151 1313 209 disciplinae
1349 156 1557 196 tuerentur
1580 155 1691 210 prin-

171 231 277 289 cipia
303 235 341 274 et
381 231 499 282 iura,
529 228 682 274 debitis
719 233 827 272 certe
861 227 1052 272 laudibus
1081 233 1215 273 essent
1238 228 1526 287 prosequendi.
1560 228 1696 287 Siqui-

172 306 265 350 dem
289 320 385 350 vera
428 320 476 351 ac
509 319 608 350 sana
631 304 889 363 philosophia
923 305 1223 349 nobilissimum
1258 305 1524 349 snumlocnm
1549 305 1688 358 hahet,

173 397 265 428 cuni
301 382 492 427 ciusdem
533 381 813 441 philosophiae
848 383 915 434 sit,
953 384 1167 426 reritatcm
1205 381 1422 439 diligenter
1453 383 1691 440 iniquirere‚

172 460 474 518 humanamque
502 460 701 503 rationem
724 459 817 502 licet
841 460 959 516 primi
998 458 1174 502 hominis
1208 458 1326 516 culpa
1368 457 1692 509 obtenelnntam,

173 537 282 581 nullo
322 542 452 580 tamen
478 535 597 579 niodo
620 538 837 580 extinctam
872 540 981 579 recte
1006 548 1053 579 ac
1076 534 1217 579 sedulo
1242 534 1442 585 excolere,
1471 533 1692 585 illustrare,

175 615 343 672 eiusque
383 615 630 670 cognitionis
653 612 871 667 obiectum,
896 626 942 656 ac
980 612 1202 670 permultas
1247 614 1441 656 veritates
1466 612 1694 669 percipere,

174 691 279 734 bene
312 690 554 747 intelligere,
582 704 838 748 promovere,
861 703 1082 748 earumque
1106 689 1318 748 plurimas,
1344 691 1401 733 uti
1425 688 1499 732 Dei
1524 690 1700 731 existen-

175 769 288 820 tiam,
332 773 535 820 naturam,
568 768 779 819 attributa,
822 780 925 825 quae
964 768 1084 811 etiam
1121 766 1224 811 fides
1259 766 1463 810 credenda
1496 765 1698 823 proponit,

174 857 248 902 per
284 849 526 902 argumenta
554 858 601 888 ex
627 846 712 889 suis
751 845 965 902 principiis
996 846 1123 902 petita
1155 844 1450 896 demonstrare,
1472 841 1696 893 vindicare,

177 921 409 973 defendere,
442 926 561 980 atque
590 921 665 964 hoc
698 921 815 964 modo
849 923 959 964 *siam
995 923 1152 965 munire
1182 920 1357 964 adhaec
1395 919 1586 976 dogmata
1621 917 1702 961 fide

175 1000 326 1041 rectius
344 998 531 1049 tenenda,
560 1001 598 1041 et
635 997 686 1041 ad
711 997 779 1041 illa
817 999 937 1041 etiarn
963 998 1234 1041 reconditiora
1251 997 1458 1054 dogmata,
1487 1008 1593 1053 quae
1615 994 1703 1038 sola

176 1073 257 1118 fide
287 1075 440 1132 percipi
475 1075 652 1132 primum
688 1079 872 1131 possunt,
910 1079 955 1118 ut
990 1073 1059 1118 illa
1081 1073 1216 1132 aliquo
1252 1073 1370 1116 modo
1405 1086 1427 1116 a
1462 1073 1618 1116 ratione
1642 1072 1704 1114 in—

177 1149 427 1207 telligantur.
476 1150 589 1194 Haec
619 1151 788 1208 quidem
824 1165 962 1209 agere,
1001 1156 1122 1209 atque
1147 1152 1187 1194 in
1211 1150 1274 1193 his
1299 1150 1457 1194 versari
1492 1147 1614 1192 debet
1638 1160 1703 1191 se-

175 1240 274 1270 vera
297 1231 335 1271 et
368 1226 645 1284 pulcherrima
668 1241 791 1272 x‘erae
820 1227 1101 1285 philosophiae
1129 1229 1315 1271 scientia.
1352 1225 1415 1270 Ad
1447 1239 1551 1284 quae
1583 1238 1702 1283 prae-

180 1303 327 1347 standa
358 1305 392 1347 si
425 1305 503 1347 viri
531 1303 637 1347 docti
660 1306 701 1347 ln
725 1303 968 1348 Germaniae
1009 1303 1266 1347 Accademiis
1296 1304 1501 1347 enitantur
1524 1315 1597 1359 pro
1615 1303 1701 1345 sin-

179 1379 312 1437 gulari
343 1379 519 1438 inclytae
543 1379 651 1424 illius
673 1379 855 1424 Nationis
878 1380 928 1423 ad
948 1382 1175 1424 severiores
1206 1381 1496 1437 gravioresque
1518 1377 1700 1435 discipli-

177 1469 252 1499 nas
277 1455 520 1500 excolendas
544 1458 831 1514 propensione,
858 1470 999 1500 eorum
1035 1455 1213 1500 studium
1244 1469 1267 1499 a
1298 1454 1424 1499 Nobis
1457 1452 1697 1511 comproba-

177 1537 243 1576 tur
278 1536 316 1575 et
351 1532 671 1585 commendatur,
712 1545 805 1576 cum
839 1535 880 1577 in
925 1547 1135 1577 sacrarum
1179 1545 1316 1576 rerum
1353 1531 1567 1575 utilitatem
1606 1543 1700 1588 pro-

178 1609 408 1667 fectumque
443 1614 699 1664 convertant,
722 1623 827 1668 quae
850 1609 908 1653 illi
929 1610 979 1653 ad
1012 1624 1107 1654 suos
1140 1623 1239 1653 usus
1265 1610 1508 1652 invenerint.

239 1685 291 1729 At
323 1699 422 1730 vero
451 1689 492 1730 in
530 1686 607 1730 hoe
651 1689 899 1744 gravissimo
943 1701 1042 1731 sane
1076 1688 1238 1744 negotio
1273 1686 1446 1730 tolerare
1489 1697 1696 1743 nunquam

176 1775 409 1820 possumus,
436 1769 479 1807 ut
498 1765 631 1807 omnia
657 1769 808 1808 temere
831 1766 1169 1821 permisceantur,
1196 1768 1316 1821 atque
1339 1764 1440 1806 ratio
1463 1761 1552 1806 illas
1577 1763 1700 1805 etlam

180 1852 265 1893 res,
297 1852 399 1897 quae
423 1839 474 1883 ad
499 1839 622 1883 tidem
646 1842 864 1897 pertInent,
902 1846 1069 1898 occupet
1095 1845 1215 1898 atqne
1238 1838 1463 1898 perturbet,
1499 1851 1592 1882 eum
1616 1851 1705 1882 cer-

184 1918 345 1970 tissimi,
376 1915 646 1975 omnihnsque
683 1919 884 1961 not1ssimi
916 1919 996 1962 sint
1033 1918 1150 1969 fines,
1193 1916 1298 1960 ultra
1335 1929 1436 1974 quos
1471 1917 1573 1960 ratio
1600 1929 1704 1960 nun-

181 2006 303 2051 quam
328 2007 400 2037 suo
424 1995 511 2037 iure
535 1999 596 2038 est
620 2008 857 2052 progressa,
880 1994 943 2039 vel
964 1994 1158 2053 progredi
1178 1999 1323 2052 potest.
1340 1993 1472 2052 Atque
1486 1992 1537 2037 ad
1560 1992 1702 2037 huius-

180 2069 290 2113 modi
324 2070 515 2126 dogmata
554 2084 601 2114 ea
640 2073 774 2115 omnia
812 2073 989 2115 maxime
1026 2075 1065 2115 et
1087 2072 1345 2129 apertissime
1371 2073 1571 2128 spectant,
1598 2082 1702 2128 quae

180 2147 531 2204 supernaturalem
557 2147 734 2192 hominis
766 2147 1048 2200 elevationem,
1097 2161 1143 2192 ac
1166 2145 1475 2206 supernaturale
1499 2148 1586 2190 eIus
1609 2159 1702 2190 cum

181 2222 267 2267 Deo
290 2226 580 2268 commercium
614 2227 852 2283 respiciunt,
899 2230 1019 2284 atque
1052 2225 1104 2269 ad
1136 2224 1244 2269 hunc
1266 2225 1388 2268 finem
1421 2223 1598 2268 revelata
1629 2237 1702 2268 no-

183 2303 362 2342 scantur.
401 2299 453 2343 Et
486 2314 584 2344 sane
618 2314 712 2345 cum
735 2300 835 2345 haec
859 2301 1051 2359 dogmata
1074 2303 1154 2346 sint
1176 2315 1302 2359 snpra
1324 2306 1524 2354 naturam,
1551 2301 1700 2344 iccirco

185 2374 360 2418 naturali
392 2378 563 2428 ratione,
613 2391 661 2420 ac
700 2377 953 2422 naturalibus
978 2380 1189 2437 principiis
1220 2379 1363 2436 attingi
1400 2391 1478 2422 non
1510 2380 1694 2435 possunt.

184 2451 401 2509 Nunquam
435 2453 637 2510 siquidem
669 2457 772 2498 ratio
805 2457 890 2500 suis
927 2455 1181 2501 naturalibus
1217 2457 1428 2514 principiis
1467 2454 1518 2498 ad
1561 2454 1700 2498 huius-

183 2527 293 2571 modi
318 2527 510 2584 dogmata
545 2531 718 2574 scienter
764 2532 973 2577 tractanda
1007 2533 1110 2577 ellici
1155 2538 1287 2592 potest
1327 2533 1486 2578 idonea.

244 2603 361 2658 Quod
394 2607 429 2648 si
462 2604 563 2649 hacc
585 2607 654 2650 isti
678 2611 830 2652 temere
873 2622 1112 2653 asseverare
1134 2610 1322 2662 audeant,
1349 2612 1494 2664 sciant,
1521 2624 1566 2655 se
1589 2617 1698 2656 certe

185 2693 265 2724 non
287 2695 311 2725 a
343 2681 617 2740 quorumlihet
640 2682 858 2728 Doctorum
890 2687 1093 2743 opinione,
1140 2686 1259 2730 seda
1301 2689 1503 2731 communi
1536 2692 1573 2732 et
1597 2702 1700 2734 nun-

187 2769 310 2815 quam
348 2760 559 2804 immutata
603 2758 814 2804 Ecclesiae
857 2761 1039 2807 doctrina
1073 2762 1280 2808 recedere.
1317 2761 1379 2808 Ex
1407 2762 1558 2810 divinis
1590 2767 1698 2811 enim
