1987 3132
680 66 704 110 9
729 81 954 113 uox-minuis
980 68 1111 112 1846.
1595 72 1649 117 ⁴13

127 162 376 221 perspicitis,
405 160 668 205 Venerabiles
693 160 874 215 Fratres,
899 177 1061 207 summa
1080 177 1178 208 cura
1202 168 1240 208 et
1262 163 1397 208 studio
1415 164 1539 209 Vobis
1560 179 1650 211 esse

127 238 434 291 elaborandum,
462 242 505 282 ut
528 240 568 282 in
592 237 709 282 Clero
734 252 890 283 morum
916 242 1113 296 gnaxitas,
1154 242 1261 285 vitae
1297 243 1525 299 integritas,
1555 256 1650 288 san-

127 317 261 367 ctitas,
281 320 401 373 atque
425 314 606 358 doctrina
628 314 799 366 eluceat,
827 320 866 359 et
890 316 1170 360 ecclesiastica
1194 317 1410 375 disciplina
1433 333 1480 362 ex
1506 319 1651 365 Sacro-

129 405 219 436 rum
243 391 451 436 Canonum
476 392 726 448 praescripto
749 390 1063 448 diligentisshne
1087 399 1290 446 serietur,
1318 400 1357 439 et
1380 394 1449 438 ubi
1474 396 1651 454 collapsa

127 468 261 521 fuerit,
289 470 329 512 in
367 469 581 525 pristinum
620 468 880 525 splendorem
918 472 1169 514 restituatur.
1209 470 1487 530 Quapropter,
1526 474 1651 518 veluti

127 544 334 602 praeclare
356 545 484 595 scitis,
516 542 638 588 vobis
662 557 924 602 summopere
954 546 1202 599 cavendnm,
1236 561 1286 591 ne
1319 549 1512 605 cuipiam,
1541 550 1651 594 iuxta

128 620 311 680 Apostoli
331 624 608 677 praeceptum,
635 622 714 664 cito
739 634 882 665 manus
906 623 1139 679 imponatis,
1160 622 1232 666 sed
1253 636 1321 667 eos
1340 628 1495 667 tantum
1520 625 1649 670 sacrIs

127 698 292 742 initietis
316 696 543 747 ordInibus,
572 709 619 740 ac
641 698 793 740 sanctis
814 697 1034 741 tractandis
1059 697 1312 743 admoveatis
1337 702 1560 757 mysteriis,
1579 701 1650 758 qui

128 779 316 818 accurate
352 775 633 832 exquisiteque
670 773 882 832 explorati,
921 788 968 818 ac
999 776 1195 819 virtutum
1219 778 1400 820 omnium
1424 782 1583 830 ornatu,
1612 781 1650 822 et

128 851 352 908 sapientiae
388 849 507 893 laude
543 851 729 907 spectati,
756 852 905 894 vestris
934 850 1190 896 dioecesibus
1219 854 1312 897 usui
1347 857 1385 897 et
1414 857 1651 898 ornamento

129 938 220 970 esse
244 927 414 983 possint,
442 930 563 983 atque
585 924 637 969 ab
668 926 717 969 iis
746 925 939 970 omnibus
967 927 1235 980 declinantes,
1261 941 1366 987 quae
1391 929 1559 973 Clerieis
1583 942 1653 974 *ce-

131 1003 218 1053 tila,
241 1007 279 1046 et
302 1001 556 1046 attendentes
575 1002 754 1054 lectioni,
774 1002 1057 1055 exhortationi,
1080 1004 1303 1059 doctrInae,
1326 1005 1556 1064 exemplum
1574 1006 1654 1052 sim

125 1077 307 1136 fidelium
331 1078 373 1122 ιή
396 1079 534 1131 verbo,
563 1078 603 1121 ἰη
628 1079 954 1132 conversatione,
982 1080 1022 1123 in
1047 1081 1233 1134 caritate,
1268 1081 1311 1124 in
1341 1082 1438 1139 fide,
1466 1082 1508 1125 in
1531 1083 1652 1128 casti—

129 1160 209 1200 tate
238 1156 273 1208 1,
301 1158 540 1215 cunctisque
563 1156 735 1200 afferant
757 1159 1077 1209 venerationem,
1106 1162 1143 1201 et
1168 1157 1360 1216 populum
1390 1159 1441 1203 ad
1465 1159 1653 1205 cbristIa·

125 1244 202 1276 nae
226 1231 434 1288 religionis
463 1234 759 1276 institutionem
800 1234 970 1290 fingant,
1003 1236 1193 1285 excitent,
1227 1239 1347 1292 atque
1379 1236 1649 1281 inflamment.

127 1307 280 1352 illelius
304 1308 411 1352 enim
431 1308 618 1367 profecto
647 1315 720 1361 cst,
749 1314 791 1353 ut
813 1311 1114 1367 sapientissime
1138 1316 1272 1355 monet
1302 1313 1542 1356 immortalis
1566 1325 1653 1357 rne-

125 1387 279 1429 moriae
303 1385 545 1429 Benedictus
578 1385 670 1430 xlv
695 1385 895 1430 Decessor
918 1386 1083 1439 Noster,
1118 1387 1336 1445 pauciores
1360 1387 1511 1432 habere
1534 1388 1653 1434 mini-

125 1466 245 1514 εῖνοε,
274 1461 348 1505 sed
367 1461 538 1519 proImS,
565 1461 639 1505 sed
661 1461 845 1517 idoncos,
872 1469 995 1521 atquc
1029 1463 1160 1519 utiles,
1196 1479 1321 1523 quam
1349 1464 1493 1524 plures
1516 1466 1589 1524 qui
1610 1466 1651 1510 ἱη

127 1536 452 1595 aedificationem
479 1538 677 1597 Corporis
702 1538 872 1592 Cla-isti,
901 1539 1012 1598 quod
1044 1546 1102 1584 est
1124 1540 1339 1595 Ecclesia,
1372 1541 1654 1601 nequidquffln

125 1613 206 1657 sinc
227 1613 398 1658 valituri
421 1614 458 1657 2.
493 1614 632 1673 Neque
668 1628 768 1660 vero
804 1617 1016 1672 ignoratis,
1053 1619 1195 1662 maiori
1227 1618 1437 1675 diligenda
1460 1618 1585 1663 Vobis
1608 1621 1651 1664 in

123 1689 285 1735 illorum
310 1693 526 1750 praecipue
550 1705 703 1747 mores,
729 1697 769 1737 et
794 1694 1008 1736 scientiam
1042 1707 1134 1739 esse
1170 1695 1472 1753 inquirendum,
1499 1696 1650 1753 quibus

125 1769 356 1812 animarum
379 1781 478 1813 cura
502 1774 540 1813 et
563 1771 746 1825 regimen
771 1771 1052 1822 committitur,
1089 1775 1132 1814 ut
1166 1772 1244 1828 ipsi
1277 1776 1484 1830 tamquam
1508 1772 1649 1819 fideles

124 1843 382 1888 multiformis
403 1847 561 1901 gratiae
583 1844 660 1888 Dei
684 1845 988 1903 dispensatores
1010 1844 1168 1903 plebem
1187 1847 1266 1891 sibi
1284 1847 1560 1892 concreditam
1582 1862 1651 1893 sa-

124 1924 423 1964 cramentorum
448 1919 821 1974 administratmne,
841 1922 967 1965 divini
993 1922 1106 1967 verbi
1128 1923 1429 1981 praedicatione
1453 1937 1500 1968 ac
1523 1924 1649 1969 bono-

124 2009 216 2041 rum
254 2010 423 2054 operum
460 1996 645 2055 exemplo
680 1999 935 2042 continenter
969 2012 1155 2056 pascere,
1192 2001 1356 2054 iuvare,
1397 2014 1570 2059 eamque
1597 2000 1650 2046 ad

122 2074 260 2118 omnia
282 2073 488 2130 relthonis
512 2075 711 2127 instituta,
735 2087 783 2119 ac
805 2074 1049 2119 documenta
1071 2077 1307 2130 informare,
1341 2082 1464 2136 atque
1500 2077 1552 2121 ad
1582 2091 1650 2123 sa-

122 2148 220 2194 lutis
242 2152 431 2194 semitam
464 2150 688 2208 perducere
719 2150 923 2196 studeant.
962 2151 1193 2209 Intelligifis
1227 2154 1420 2198 nimirum
1452 2153 1648 2200 Parochis

123 2224 244 2268 officii
267 2227 330 2270 sui
353 2228 523 2284 ignariS,
547 2227 611 2271 vel
635 2227 955 2285 negligentibus,
978 2231 1174 2274 contInuo
1193 2234 1232 2274 et
1250 2230 1491 2289 populorum
1511 2243 1648 2277 mores

124 2300 306 2359 prolabi,
333 2307 372 2347 et
394 2303 659 2348 christianam
689 2304 817 2350 laxari
855 2305 1116 2364 disciplinam
1135 2343 1145 2360 ,
1185 2312 1224 2352 et
1258 2307 1466 2365 religionis
1496 2307 1650 2353 cultum

126 2377 298 2431 exsolvi,
325 2383 444 2437 atque
468 2380 656 2435 convelli,
678 2395 726 2426 ac
744 2385 844 2427 viba
867 2385 1001 2427 omnia
1021 2389 1060 2428 et
1078 2384 1331 2442 corruptelas
1354 2386 1395 2429 in
1418 2384 1650 2429 Ecclesiam

127 2453 243 2499 facile
265 2455 418 2500 invehi.
446 2456 505 2501 Ne
528 2463 666 2503 antem
690 2459 769 2505 Dei
791 2473 942 2514 sermo,
972 2460 1045 2519 qui
1065 2461 1192 2515 υῖυιιε,
1221 2467 1257 2507 et
1280 2461 1437 2520 efficax,
1466 2467 1503 2506 et
1521 2474 1650 2521 penc-

187 2625 205 2662 1
224 2626 280 2662 Ad
300 2625 461 2665 Timoth.
481 2627 514 2664 4.
537 2628 594 2665 12.

188 2690 209 2727 2
225 2690 361 2730 Beued.
381 2692 461 2731 XIV
478 2694 516 2730 in
533 2693 650 2740 Epist.
670 2694 820 2742 Encyel.
841 2697 886 2734 ad
907 2707 1034 2737 omnes
1047 2699 1251 2747 Episcopos
1269 2698 1374 2736 euius
1392 2698 1532 2737 initium
1550 2708 1557 2734 :
1581 2697 1650 2737 Ubi

125 2765 296 2802 przmum.
