1987 3132
425 79 641 111 ALLoccrio
663 80 881 117 Nrn‘eizffl
906 82 1022 111 rom:
1047 68 1100 111 15
1126 80 1214 112 nne.
1243 67 1375 112 18:56.
1590 68 1672 120 1557

213 161 295 208 Ubi
317 167 453 207 autem
475 175 626 207 novum
649 163 780 207 extitit
803 161 1056 207 Guberuium
1075 199 1082 217 ,
1125 164 1263 208 statim
1303 164 1548 208 acerrimum
1589 163 1670 208 Ec—

155 240 333 293 clesiae,
361 240 530 297 eiusque
554 240 680 283 sacris
705 238 853 291 rebus,
882 238 1065 292 iurilius,
1095 239 1292 285 Ministris
1316 240 1470 285 bellum
1507 240 1669 286 indixit.

157 315 376 373 Postquam
400 317 507 360 enim
533 314 694 360 Clerum
717 317 757 358 in
790 314 1054 373 popularibus
1085 315 1351 361 electionibus
1387 322 1557 375 utroque
1593 318 1677 362 sus-

155 392 285 449 sragio
308 392 510 450 privarit,
538 390 671 447 legem
695 390 760 434 die
784 392 986 448 vIgesimo
1012 394 1128 436 tertio
1152 394 1306 437 mensis
1331 393 1575 438 Novembris
1609 407 1678 438 su-

154 471 313 527 periore
338 482 442 512 anno
465 467 667 521 condidit,
697 481 777 526 qua
801 468 1125 513 ecclesiasticum
1148 470 1280 514 forum
1305 471 1354 514 de
1378 470 1512 515 medlo
1536 474 1675 515 sustu-

157 545 226 598 lit,
254 545 361 604 qnod
383 546 424 589 ln
446 546 639 590 universa
661 545 871 590 Metticana
894 544 1118 603 Republica
1154 560 1319 604 semper
1342 548 1546 604 viguerat.
1589 546 1679 592 Etsi

156 635 254 666 vero
277 620 531 666 Venerabilis
557 621 698 666 Frater
720 622 896 666 Lazarus
934 621 1281 681 Archiepiscopus
1316 623 1553 668 illexit-anus
1595 628 1679 668 tum

157 712 255 752 suo,
284 703 367 743 tum
391 700 572 743 omnium
595 698 703 743 illius
727 698 989 757 ReIpublicae
1012 699 1229 744 Sacrorum
1254 700 1493 746 Antistitum
1510 706 1548 745 et
1571 700 1677 747 Cleri

154 776 318 820 nomine
342 780 481 819 contra
503 775 608 819 hanc
630 775 763 832 legem
789 778 1004 832 protestari
1029 775 1136 820 baud
1162 778 1374 830 mulsei-It,
1403 782 1538 822 tamen
1562 779 1679 823 Irrita

156 852 230 896 fuit
253 850 450 896 eiusmodi
475 850 731 905 rechunaHo,
759 857 795 896 et
822 851 1073 897 Gubernium
1098 855 1264 898 minime
1288 855 1473 898 extimuit
1492 854 1678 898 declara-

157 942 202 973 re
222 965 230 981 ,
258 942 302 973 se
325 941 531 986 nunquam
555 942 627 973 sua
650 933 740 972 acta
763 942 980 987 supremae
1002 929 1122 974 huius
1157 930 1415 988 Apostolicae
1452 930 1569 975 Sedis
1607 945 1680 976 au-

157 1007 332 1051 ctoritati
357 1018 447 1050 esse
469 1004 764 1050 subiecturum.
792 1005 923 1064 Atque
946 1006 1055 1050 idem
1095 1005 1351 1051 Gubernium
1386 1006 1679 1052 molestissime

157 1084 291 1128 serens
315 1081 665 1139 indignationem,
705 1095 828 1141 quam
864 1082 996 1126 fidelis
1035 1085 1275 1141 praesertiin
1316 1083 1679 1142 Angelopolitanus

160 1159 335 1218 populus
360 1158 591 1204 ostenderat
615 1158 666 1203 ob
691 1159 877 1204 eamdem
900 1159 1034 1217 legem
1055 1195 1063 1212 ,
1093 1160 1171 1205 due
1195 1160 1321 1204 edidit
1359 1159 1546 1213 decreta,
1581 1174 1681 1220 quo—

161 1249 254 1280 rum
278 1234 405 1280 altero
428 1236 563 1279 emula
585 1234 948 1293 Angelopolilanae
971 1235 1185 1281 Ecclesiae
1208 1236 1315 1282 bona
1339 1237 1471 1282 civilis
1506 1239 1682 1283 auctori-

162 1313 256 1357 tatis
280 1313 468 1370 potestati
507 1317 545 1356 et
580 1311 749 1357 arbitrio
787 1311 985 1365 subiecit,
1028 1313 1303 1369 adiudieaxit,
1346 1313 1473 1359 altero
1498 1327 1683 1359 normam

159 1390 453 1448 praescripsit,
480 1402 559 1447 qua
592 1388 699 1433 bona
737 1390 828 1447 Ipsa
850 1394 985 1434 essent
1025 1390 1363 1434 administranda.
1407 1389 1506 1436 Cum
1546 1396 1681 1436 autem

159 1464 414 1510 Venerabilis
437 1464 578 1509 Frater
603 1465 793 1522 Pelagius
817 1465 1046 1524 Episcopus
1087 1466 1451 1525 Angelopelitanus
1486 1481 1560 1512 suo
1593 1481 1682 1512 mu-

158 1554 255 1586 nere
277 1542 444 1598 egregIe
467 1542 641 1598 fungens
665 1545 805 1586 contra
831 1546 910 1586 tam
932 1542 1083 1586 iniusta
1118 1554 1248 1600 aeque
1288 1556 1335 1587 ac
1369 1543 1572 1600 sacrilega
1611 1543 1683 1589 de-

158 1623 271 1663 creta
292 1617 565 1676 epiScepalem
589 1617 776 1662 extulerit
798 1631 939 1662 rocem
959 1655 967 1671 ,
996 1623 1079 1663 tum
1104 1618 1358 1664 Gubernium
1384 1619 1574 1664 eumdem
1598 1620 1681 1665 An-

162 1696 328 1739 tistitem
352 1707 525 1747 vexare,
552 1695 769 1748 insectari,
798 1708 970 1753 eumque
996 1695 1160 1740 militari
1198 1709 1323 1740 manu
1358 1696 1682 1755 comprehende—

160 1784 233 1824 re,
261 1776 300 1816 et
322 1772 363 1815 in
385 1770 554 1815 exilium
579 1770 727 1827 pellere
752 1772 918 1816 nimime
956 1771 1253 1817 reformidavit.
1296 1772 1356 1817 Ac
1391 1773 1491 1817 nibil
1516 1773 1682 1819 valuere

161 1847 504 1906 expostulationes
527 1847 783 1892 Venerabilis
819 1847 975 1892 Fratris
998 1848 1141 1892 Aloisii
1182 1847 1493 1907 Areliiepiscopi
1532 1848 1683 1895 Dama-

164 1926 294 1976 sceni,
322 1924 459 1969 Nostri
490 1923 547 1968 ibi
569 1923 754 1981 Delegati
788 1924 1035 1981 Apostolici,
1076 1929 1113 1969 et
1148 1924 1456 1970 Venerabilium
1492 1926 1683 1972 Fratrum

163 2006 252 2047 tum
276 2000 384 2045 Petri
406 1999 599 2059 Episcopi
614 1999 1000 2053 Guadalaxarensis,
1023 2004 1108 2045 tum
1132 2000 1241 2046 Petri
1258 2001 1452 2060 EpIscopi
1471 2003 1512 2047 S.
1537 2003 1681 2051 Aleisii

163 2077 444 2131 Petosiensis,
472 2079 542 2136 qui
565 2078 674 2122 omni
712 2077 844 2122 studio
878 2077 985 2136 apud
1009 2077 1118 2122 idem
1155 2077 1408 2123 Gubernium
1444 2093 1567 2137 agere
1601 2094 1681 2126 nen

162 2155 430 2211 destiterunt,
457 2158 500 2198 ut
523 2153 591 2199 illa
613 2153 911 2212 abrogarentur
935 2154 1114 2199 decreta.
1158 2154 1416 2201 Mexicanum
1449 2158 1556 2200 enim
1596 2156 1681 2202 Gu-

162 2231 352 2276 bernium
374 2231 438 2276 his
462 2244 623 2290 quoque
646 2232 884 2276 IustiSsimis
909 2230 1267 2276 reclamationibus
1291 2232 1410 2290 plane
1442 2232 1647 2292 despectis
1666 2270 1676 2287 ,

162 2307 332 2352 ulteritls
355 2307 649 2365 progrediens,
678 2312 715 2353 et
737 2307 844 2353 bona
867 2309 1024 2362 omnia,
1051 2321 1156 2367 quae
1190 2308 1375 2354 Ecclesia
1409 2311 1451 2354 in
1493 2315 1573 2362 tota
1611 2311 1681 2357 illa

164 2383 392 2443 RepublIca
427 2384 635 2442 possidet,
683 2384 762 2430 sibi
801 2399 905 2430 ausu
940 2399 1110 2444 prorsus
1149 2387 1366 2431 temerario
1404 2391 1443 2431 et
1479 2387 1681 2445 sacrilego

163 2461 375 2506 vindicare
398 2463 565 2519 cupiens
584 2497 592 2514 ,
619 2461 729 2506 aliud
751 2462 816 2507 die
839 2464 1182 2522 vigesimoquinto
1203 2463 1307 2508 Iunii
1325 2462 1445 2508 hnius
1477 2466 1571 2508 anni
1594 2464 1680 2509 edi-

165 2538 223 2584 dit
246 2538 477 2593 decretum,
505 2537 683 2597 illudque
706 2539 771 2583 die
794 2540 995 2597 vigesimo
1018 2544 1159 2584 octavo
1196 2539 1378 2585 elnsdem
1412 2541 1566 2584 mensis
1590 2540 1681 2584 vul-

164 2616 305 2672 gavit,
332 2628 411 2674 quo
433 2614 664 2659 Ecclesiam
687 2617 772 2660 suis
796 2615 985 2661 omnibus
1009 2618 1049 2661 in
1068 2616 1211 2661 eadem
1234 2615 1459 2674 Republica
1491 2615 1607 2660 bonis
1630 2629 1680 2662 ae

165 2693 482 2753 proprietatibus
521 2695 684 2739 omnino
723 2693 897 2752 spoliare
928 2709 1005 2739 non
1031 2694 1253 2740 exhorruit.
1289 2693 1437 2740 Contra
1460 2697 1540 2739 tam
1574 2695 1678 2739 iniu-

167 2774 276 2816 stum
299 2770 506 2818 decretum
530 2784 647 2817 suam
668 2783 809 2816 vocem
846 2770 1028 2816 attollere
1066 2770 1177 2816 haud
1208 2771 1434 2818 omIserunt
1456 2769 1679 2816 Venerabi-
