1987 3132
697 65 720 108 5
746 78 989 110 snrrmrssms
1013 66 1143 109 18:51.
1592 68 1673 112 101

155 169 223 215 ne,
249 170 352 216 quae
375 157 427 202 ad
449 158 749 203 funestissimos
768 171 949 217 quosque
972 171 1019 203 ac
1045 160 1416 217 perniciosissimos
1436 159 1678 206 Sociale'smi

158 238 197 280 et
221 233 515 278 Commzme‘smz'
534 247 693 278 errores
726 234 921 279 fovendos
944 248 1094 293 magna
1127 249 1176 280 ex
1212 241 1326 294 parte
1348 238 1459 281 viam
1481 238 1670 283 munivss.

156 309 242 355 Iam
267 324 386 368 porro
409 312 449 355 in
473 311 748 355 Conventione
771 310 1090 364 constabilitum,
1109 313 1396 371 firmatumque
1414 315 1675 371 conspiciens

155 385 370 432 Ecclesiae
391 388 454 431 ius
478 400 605 431 noras
628 387 865 445 acquirendi
889 389 1188 445 possessiones,
1227 401 1275 433 ac
1307 389 1428 433 stmul
1453 392 1672 444 sancitum,

155 468 200 509 ut
222 466 449 522 proprietas
474 463 671 508 bonorum
694 465 891 518 ominum,
917 476 1022 522 quae
1051 464 1115 509 vel
1143 467 1184 510 In
1218 467 1450 524 praesentIa
1474 466 1671 523 possidet,

156 539 221 585 vel
245 542 284 584 in
309 545 518 597 posterum
540 542 741 599 acquiret,
780 542 940 598 integra
963 545 1002 585 et
1025 541 1272 586 inviolabilis
1290 544 1454 587 ommno
1476 541 1677 587 habeatur

155 620 275 675 atque
298 619 503 674 persistat.
532 616 639 662 Hinc
661 618 925 662 constitutum
949 619 1072 661 etiam
1096 618 1184 673 suit,
1211 623 1269 672 ut,
1297 618 1407 663 nulla
1437 620 1678 677 interposita

152 705 283 746 mora,
310 692 520 738 Ecclesiae
554 693 624 738 illa
656 694 793 739 omnia
825 695 960 738 statIm
984 695 1251 739 restituantur
1281 694 1412 749 bona,
1450 709 1555 754 quae
1578 709 1678 740 non-

155 768 253 815 dum
271 769 478 814 divendita
498 770 623 814 fuere.
652 769 804 814 Verum
827 783 921 814 cum
944 783 991 814 ex
1016 769 1214 827 gravibus
1234 784 1280 815 ac
1298 771 1380 815 fide
1403 771 1541 828 dIgnis
1567 773 1679 816 testi-

152 847 300 891 moniis
325 849 617 905 acceperimus,
643 846 835 891 nonnulla
868 860 916 891 ex
952 846 1099 891 ilsdem
1132 847 1250 892 bonis
1286 848 1467 893 nondum
1490 848 1676 893 alienatis

153 922 209 968 ita
232 923 273 966 in
297 922 474 967 deterius
499 935 592 967 esse
614 922 821 980 prolapsa,
849 927 887 967 et
911 923 1276 968 administrationis
1311 924 1582 968 incommodis
1605 922 1680 968 oh-

152 1000 287 1050 noxia,
314 1003 358 1043 ut
381 998 549 1043 evidens
573 1003 729 1044 constet
753 998 967 1044 Ecclesiae
990 1000 1157 1053 utilitas,
1186 1002 1221 1044 si
1245 1000 1407 1044 illorum
1439 1002 1614 1058 pretium
1636 1001 1679 1045 in

152 1073 307 1132 publici
330 1076 436 1119 aeris
460 1076 580 1120 alieni
604 1075 758 1120 reditus
782 1089 1005 1134 numquam
1035 1078 1180 1135 quavis
1211 1076 1290 1121 alia
1325 1078 1482 1121 ratione
1505 1077 1677 1121 transse—

150 1150 298 1195 rendos
322 1156 594 1205 convertatur,
614 1151 815 1196 eiusmodi
839 1154 1126 1210 permutationi
1150 1152 1452 1216 Indulgendum
1466 1167 1560 1198 esse
1579 1166 1674 1198 cen-

154 1228 329 1283 suimus,
356 1233 570 1287 postquam
594 1242 691 1273 vero
713 1228 821 1273 bona
844 1230 933 1287 ipsa
957 1230 1105 1274 fuerint
1127 1228 1338 1274 Ecclesiae
1360 1232 1563 1274 restituta.

210 1302 386 1350 Omnem
409 1305 575 1364 quidem
598 1304 787 1349 dedimus
811 1319 993 1364 operam,
1021 1310 1064 1350 ut
1087 1305 1295 1364 Episcopi,
1324 1305 1525 1364 Capitula,
1548 1306 1678 1352 Semi-

153 1382 286 1434 naria,
323 1381 494 1427 Parochi
537 1383 730 1440 congruis
771 1395 818 1427 ac
855 1381 1073 1427 stabilibus
1111 1384 1315 1441 potIantur
1353 1382 1569 1439 reditibus,
1607 1385 1677 1442 qui

154 1455 364 1502 Ecclesiae
387 1463 583 1517 perpetuo
606 1458 777 1512 addicti,
805 1458 856 1504 ab
880 1472 927 1504 ea
949 1458 1078 1504 libere
1102 1464 1219 1504 erunt
1254 1459 1582 1504 administrandi.
1624 1459 1678 1504 Et

155 1534 312 1580 sivero
335 1534 376 1579 hi
399 1535 552 1580 reditus
577 1549 669 1580 cum
705 1537 872 1594 antiqua
908 1535 1084 1594 Hispani
1124 1535 1229 1581 Cleri
1265 1536 1357 1580 dote
1394 1537 1567 1581 conferri
1598 1550 1678 1582 non

156 1611 330 1669 possim,
357 1615 395 1655 et
418 1610 470 1656 ob
495 1615 724 1670 temporum
748 1614 1012 1670 asperitatem
1035 1614 1231 1666 minores,
1259 1625 1380 1671 quam
1395 1612 1478 1657 Nos
1503 1614 1682 1670 optavis-

156 1700 312 1741 semus,
343 1689 539 1741 existant3
567 1692 701 1733 tamen
736 1689 862 1747 probe
896 1693 1130 1741 noscentes,
1158 1702 1238 1747 qua
1261 1688 1459 1746 singulari
1483 1688 1680 1745 religione

157 1766 197 1808 et
219 1765 370 1821 pIetate
406 1764 516 1809 idem
540 1763 835 1823 Hispaniarum
859 1764 1003 1810 Clerns
1042 1777 1304 1822 summopere
1342 1768 1554 1823 praestet,
1595 1764 1682 1822 pla-

155 1852 208 1884 ne
225 1853 306 1884 non
329 1839 578 1893 dubitamuS,
604 1842 700 1899 quin
723 1843 811 1898 ipse
833 1842 875 1884 in
897 1840 1036 1885 diVIna
1060 1841 1265 1885 voluntate
1296 1842 1610 1899 conquiescens,
1639 1845 1678 1886 et

158 1917 268 1962 omni
292 1917 486 1960 vlrtutum
511 1929 661 1974 genere
684 1918 817 1974 magis
839 1917 881 1961 in
904 1916 992 1961 dles
1015 1916 1194 1975 undique
1218 1916 1441 1974 refulgens,
1484 1918 1525 1961 in
1558 1919 1676 1962 vine-

157 2005 224 2037 am
246 1991 409 2037 Domini
430 1994 590 2038 naviter
622 1995 877 2052 scienterque
910 1992 1173 2037 excolendam
1197 1992 1385 2038 alacriori
1423 2006 1555 2052 usque
1595 1992 1681 2039 sol-

157 2067 277 2113 lertia
308 2074 346 2114 et
379 2069 514 2114 studio
537 2069 761 2122 incumbat,
789 2082 882 2114 cum
905 2070 1146 2128 praesertim
1170 2083 1243 2127 per
1278 2069 1599 2114 ecclesiasticam
1632 2069 1683 2114 li-

157 2144 359 2190 bertatem
382 2147 424 2190 in
447 2146 722 2191 Conventione
746 2145 943 2191 sancitam
966 2146 1017 2190 iis
1041 2146 1232 2190 omnibus
1264 2145 1477 2204 expeditus
1517 2147 1569 2190 sit
1606 2147 1684 2190 im—

159 2221 419 2280 pedimentis,
445 2236 550 2282 quae
573 2228 690 2268 antea
713 2222 843 2268 libero
866 2224 973 2268 sacri
1007 2224 1224 2267 ministerii
1257 2224 1450 2267 exercitio
1488 2221 1684 2267 adversa·

160 2297 326 2350 bantur,
354 2303 473 2357 atque
504 2301 560 2345 ita
590 2300 837 2358 Populorum
860 2298 1118 2358 obsequium,
1159 2311 1339 2343 amorem
1380 2303 1419 2343 et
1457 2300 1685 2343 veneratio-

160 2387 256 2420 nem
287 2374 367 2419 sibi
398 2377 531 2433 magIs
562 2378 774 2435 magisque
808 2376 997 2421 conciliet
1032 2381 1071 2420 et
1107 2375 1326 2420 devinciat.
1370 2373 1558 2420 Ceterum
1591 2387 1685 2419 cum

162 2451 326 2510 plenum
357 2464 405 2496 ac
435 2450 612 2496 liberum
633 2452 871 2511 acquirendi
903 2465 950 2497 ac
982 2450 1219 2510 possidendi
1242 2452 1307 2496 ius
1333 2451 1455 2495 fuerit
1479 2452 1682 2495 sancitum

163 2541 212 2573 ac
235 2532 456 2580 servatum,
482 2531 592 2585 patet
612 2527 808 2585 Hispanis
830 2527 1031 2573 Ecclesiis
1066 2527 1200 2572 aditus
1236 2527 1287 2571 ad
1323 2526 1543 2584 ampliores
1579 2526 1684 2571 ohti-

163 2603 319 2649 nendos
343 2603 515 2657 reditus,
540 2602 689 2662 quibus
713 2608 751 2648 et
774 2605 920 2648 manri
943 2604 1072 2648 divini
1110 2603 1240 2647 cultus
1277 2601 1499 2660 splendori,
1538 2605 1577 2644 et
1610 2599 1683 2644 de-

163 2682 331 2726 centiori
354 2679 460 2725 Cleri
483 2681 765 2724 sustentationi
789 2679 946 2725 facilius
980 2684 1019 2725 et
1051 2678 1303 2724 commodius
1338 2676 1587 2723 consulatur.
1615 2675 1684 2721 At-

166 2769 246 2815 que
267 2757 308 2801 id
331 2756 579 2803 feliciorIbus
602 2755 856 2814 temporibus
879 2769 928 2801 ex
950 2758 1066 2814 regia
1097 2757 1336 2801 carissimae
1358 2756 1400 2800 in
1422 2753 1582 2800 Christo
1614 2751 1682 2798 Fi-
