1987 3132
287 93 372 137 100
657 103 876 136 ALLoctno
901 103 1061 140 omncs
1082 103 1440 133 chrrresmsrms

284 187 412 233 nicies
438 190 498 230 est
521 184 744 230 avertenda
771 197 820 229 ae
854 184 1125 242 profliganda.
1154 183 1210 229 Et
1230 186 1425 243 quoniam
1454 183 1628 229 relatum
1650 184 1702 229 ad
1724 184 1806 230 Nos

286 269 362 316 est,
390 276 435 307 ex
461 276 566 307 nova
587 261 847 306 Dioecesitim
870 261 1072 305 divisione
1102 263 1256 305 maiora
1291 260 1520 319 spiritualia
1546 260 1654 306 bona
1688 263 1729 306 in
1761 260 1810 306 il-

284 340 365 385 lius
383 339 513 396 Regni
531 337 672 382 fideles
691 337 942 390 redundare,
963 339 1111 382 iccirco
1129 351 1277 382 novam
1299 337 1533 382 huiusmodi
1551 338 1811 383 clrcumscri-

284 418 463 474 ptionem
485 415 632 459 Nostra
654 416 921 466 auctoritate,
955 419 993 458 et
1028 415 1158 471 Ipsius
1180 414 1361 471 Reginae
1385 427 1587 458 consensu
1610 426 1812 471 peragen-

286 492 381 538 dam
407 493 639 543 statuimus,
666 495 787 548 atque
810 490 1065 548 Apostolicas
1088 490 1139 535 de
1161 490 1239 534 hae
1262 503 1306 534 re
1329 504 1405 535 suo
1429 494 1610 547 tempore
1628 491 1813 547 profere-

285 581 378 612 mus
404 568 592 620 Litteras,
630 572 845 625 postquam
880 580 928 611 ea
963 569 1099 611 omnia
1131 568 1280 611 suerInt
1314 571 1531 624 perspecta
1566 571 1603 610 et
1641 570 1808 621 statuta,

288 657 393 703 quae
416 644 468 688 ad
493 657 581 688 rem
606 645 737 701 ipsam
763 643 1058 702 perficiendam
1081 647 1175 687 sunt
1195 644 1444 688 necessat-la.
1463 642 1562 688 Cum
1581 648 1717 687 autem
1739 643 1814 688 Re·

286 719 460 777 ligiosae
483 719 677 764 Familiae
707 721 773 778 pie
807 721 1042 773 institutae,
1081 732 1127 763 ae
1163 723 1272 763 recte
1306 717 1612 763 administratae
1634 719 1813 763 maximo

288 801 370 844 sint
392 799 604 844 Ecclesiae
639 804 677 843 et
709 798 820 843 civili
858 798 1051 843 societati
1076 799 1169 842 usui
1193 802 1230 842 et
1260 801 1520 850 ornamento,
1554 798 1814 855 quantumin

286 875 414 920 Nobis
438 876 510 920 suit
532 874 642 920 hand
664 875 879 919 omisimus
905 875 1020 927 eniti,
1040 879 1083 918 ut
1103 873 1185 918 illle
1202 873 1429 930 Regulares
1448 872 1627 920 Ordines
1651 886 1816 918 conser-

288 956 451 1005 ventur,
478 954 758 1004 restituantur,
787 955 1031 1008 augeantur.
1059 951 1192 1009 Atque
1216 952 1257 995 in
1283 963 1373 995 eam
1397 951 1574 1008 profecto
1597 964 1712 1009 spem
1735 950 1815 995 eri-

289 1030 426 1086 gimur
462 1030 568 1081 sore,
608 1033 652 1072 ut
687 1032 852 1086 propter
891 1029 1042 1071 avitam
1078 1026 1262 1071 eiusdem
1305 1027 1548 1071 carissimae
1581 1028 1622 1071 in
1655 1025 1816 1071 Christo

289 1104 417 1149 Filiae
439 1105 612 1150 Nostrae
634 1106 841 1162 pletatcm,
881 1109 920 1148 et
954 1105 1146 1148 eximiam
1176 1103 1402 1162 Hispaniae
1434 1103 1618 1147 Nationis
1650 1102 1815 1159 religIO-

290 1194 384 1227 nem
408 1182 487 1238 Ipsi
516 1180 739 1237 Regulares
775 1179 953 1227 Ordines
983 1179 1041 1224 ibi
1076 1180 1249 1238 pristina
1281 1179 1482 1236 dignitate
1517 1192 1563 1223 ac
1598 1178 1815 1236 splendore
1857 1182 1859 1184 ’

292 1258 495 1302 fruantur.
522 1256 581 1301 Ne
603 1256 700 1315 quid
723 1261 858 1301 autem
882 1255 1106 1313 Relig10nis
1142 1256 1247 1301 bono
1279 1257 1425 1314 quavis
1462 1256 1618 1299 ratione
1652 1256 1815 1300 officere

293 1336 438 1393 possit,
466 1347 545 1378 non
577 1332 708 1377 solum
743 1334 1006 1378 consiltutum
1041 1336 1117 1385 est,
1156 1332 1303 1390 Leges,
1342 1331 1637 1379 Ordinationes
1669 1336 1706 1376 et
1730 1330 1813 1376 De-

294 1416 406 1457 creta
422 1423 703 1470 quaecumque
719 1409 983 1454 Conventioni
1001 1408 1265 1454 adversantia
1282 1408 1332 1453 de
1350 1408 1485 1453 medio
1503 1408 1664 1453 sublata
1683 1409 1814 1453 omni-

292 1501 344 1533 no
368 1501 460 1533 esse
488 1500 536 1532 ac
571 1488 731 1545 penitus
764 1486 989 1543 abrogata,
1015 1498 1159 1530 verum
1181 1487 1302 1530 etiam
1338 1487 1565 1537 sancitum,
1599 1490 1641 1529 ut
1678 1489 1813 1530 cetera

291 1566 442 1616 omnia,
470 1576 574 1621 quae
597 1562 648 1607 ad
671 1561 970 1606 ecclesiasticas
994 1574 1059 1605 res
1096 1565 1134 1605 et
1165 1574 1359 1619 personas
1384 1563 1601 1619 pertinent,
1641 1561 1691 1604 de
1723 1562 1815 1619 qui-

290 1640 368 1686 bus
391 1642 431 1685 in
455 1638 727 1684 Com-cutione
763 1637 874 1682 nulla
909 1642 970 1681 est
1002 1636 1142 1681 habita
1165 1638 1332 1689 mendo,
1369 1638 1480 1681 iuxta
1503 1639 1740 1681 eanonIcam
1775 1643 1815 1683 et

289 1718 498 1775 vigentem
534 1714 745 1760 Ecclesiae
776 1713 1036 1772 disciplinam
1069 1715 1177 1770 exigi
1221 1718 1259 1757 et
1294 1712 1573 1758 administrari
1602 1713 1722 1770 plane
1744 1713 1817 1759 de-

287 1792 424 1839 beant.

346 1869 430 1913 Nee
452 1880 549 1912 vero
574 1880 621 1912 ea
643 1867 1012 1925 praetermisimus,
1038 1877 1143 1924 quae
1166 1864 1219 1910 ad
1245 1866 1471 1923 temporale
1504 1864 1719 1911 EcclesIae
1742 1864 1816 1910 bo-

286 1959 385 1992 num
408 1949 578 2003 possunt
610 1945 829 2001 pertinere.
868 1941 993 1989 Omni
1023 1943 1131 1986 enim
1166 1942 1300 1987 studio
1331 1946 1370 1986 et
1402 1943 1658 1987 contentione
1681 1941 1816 1990 windi-

287 2022 463 2068 candum
497 2034 544 2066 ae
579 2020 773 2065 tuendum
795 2020 1032 2064 curavimus
1056 2020 1143 2072 ius,
1182 2032 1262 2077 quo
1295 2018 1486 2063 Ecclesia
1509 2018 1646 2076 pollet,
1674 2018 1815 2077 acqui—

291 2098 411 2144 rendi
435 2097 590 2143 scilicet
613 2101 652 2141 ei
676 2095 912 2155 possidendi
931 2107 1212 2154 quaecumque
1229 2094 1336 2139 bona
1353 2093 1515 2138 stabilia
1537 2098 1576 2138 et
1598 2095 1810 2150 frugifera,

288 2175 413 2220 veluti
430 2177 642 2220 innumera
662 2186 786 2231 prope
805 2171 1081 2217 Conciliorum
1099 2176 1190 2216 aeta
1213 2175 1251 2215 et
1275 2171 1517 2214 Sanctorum
1534 2169 1700 2214 Patrum
1719 2183 1813 2215 sen-

289 2252 437 2296 tentIae
461 2254 498 2294 et
522 2249 732 2307 exempla,
759 2253 797 2292 et
820 2247 1188 2292 Praedecessorum
1223 2246 1463 2290 Nostrorum
1495 2245 1812 2293 Constitutiones

288 2328 548 2386 apertissime
571 2326 802 2384 loquuntur,
830 2324 1131 2381 sapientIssime
1155 2321 1302 2366 docent
1335 2334 1382 2366 ae
1418 2321 1713 2368 demonstrant.
1741 2324 1814 2369 At-

290 2417 368 2463 que
391 2405 544 2448 utinam
567 2402 718 2460 ubique
742 2402 948 2458 gentium,
987 2398 1138 2457 ubique
1171 2403 1374 2443 terrarum
1407 2401 1691 2457 possessiones
1724 2399 1812 2446 Deo

290 2481 459 2538 eiusque
482 2478 653 2523 Sanctae
675 2476 887 2521 EcclesIae
916 2475 1073 2519 dicatae
1105 2487 1269 2533 semper
1297 2474 1519 2520 inviolatae
1555 2476 1743 2529 fuissent,
1772 2480 1812 2521 et

287 2556 473 2602 homines
497 2554 633 2600 debila
655 2553 744 2598 illas
768 2553 996 2597 reverentia
1018 2556 1155 2597 essent
1178 2554 1437 2610 prosequuti!
1466 2551 1674 2611 Equidem
1698 2551 1809 2597 haud

290 2644 530 2690 cogeremur
547 2630 698 2674 deflere
716 2629 905 2687 pluritna,
924 2628 1194 2687 omnibusque
1223 2630 1436 2674 notissima
1465 2628 1573 2673 mala
1596 2633 1634 2674 et
1659 2628 1810 2674 damna

291 2710 333 2754 In
356 2707 517 2752 clvilem
539 2709 671 2764 ipsam
694 2707 929 2751 societatem
952 2704 1136 2749 derivata
1158 2717 1206 2749 ex
1229 2705 1379 2750 iniusta
1402 2718 1574 2764 prorsus
1604 2710 1644 2750 et
1677 2705 1809 2751 sacri-

291 2784 385 2842 lega
407 2784 777 2830 ecclesiasticarum
800 2796 937 2828 rerum
971 2796 1017 2827 ac
1049 2781 1250 2827 bonorum
1272 2782 1512 2841 spoliatione
1541 2787 1581 2828 et
1612 2782 1810 2842 direptio·
