1987 3132
774 53 797 96 9
821 52 1077 97 1tx111862.
1504 112 1505 117 1
1613 53 1698 97 ,⁶215

177 152 308 197 tristia
330 155 369 195 et
391 149 620 202 horrenda,
646 161 750 207 quae
772 147 824 192 ab
848 148 962 192 hisce
985 161 1275 206 perversarum
1299 147 1581 192 doctrinarum
1613 148 1700 192 cul-

176 227 335 273 toribus
359 241 451 272 cum
474 224 704 271 incredibili
727 225 873 269 Nostro
896 238 943 268 ac
966 224 1136 278 Vestro,
1159 229 1198 269 et
1218 227 1398 269 omnium
1419 225 1617 270 bonorum
1639 225 1701 269 lu-

173 309 243 349 ctu
269 308 492 362 patrantur.
518 301 625 346 Nihil
648 304 744 346 item
768 301 940 345 dicimus
965 301 1014 345 de
1037 303 1163 358 impia
1185 302 1509 358 conspiratione,
1539 306 1577 345 et
1603 315 1698 360 pra-

174 383 238 426 vis
263 382 460 439 cuiusque
483 380 645 437 generis
668 378 946 423 molitionibus
970 391 1017 422 ac
1040 377 1208 422 fallaciis
1231 412 1241 430 ,
1269 377 1418 435 quibus
1438 378 1600 422 civilem
1624 379 1699 423 liu-

174 459 236 502 ius
263 456 518 515 Apostolicae
542 455 658 499 Sedis
683 457 956 513 principatum
980 456 1157 516 ,omnino
1180 459 1370 498 evertere
1411 468 1458 498 ac
1483 455 1697 500 destruere

176 534 328 578 volunt.
356 533 471 577 Iuvat
495 535 627 590 potitis
650 531 726 576 hac
749 532 798 576 de
822 546 864 576 re
888 544 1207 576 commemorare
1232 533 1383 575 miram
1407 545 1576 588 prorsus
1601 545 1697 576 con-

174 612 432 663 sensionem,
459 623 539 668 qua
561 609 640 654 Vos
665 611 743 667 ipsi
767 622 845 653 una
882 622 974 653 cum
1009 608 1100 653 aliis
1124 607 1443 652 Venerabilibus
1480 607 1695 652 Fratribus

171 687 352 730 universi
375 686 562 731 catholici
585 685 696 731 orbis
721 685 938 730 Sacrorum
961 683 1223 729 AntIStitibus
1250 698 1473 743 numquam
1510 687 1696 731 intermi-

169 763 282 808 sistis
305 768 343 808 et
367 762 552 821 epistolis
576 763 627 807 ad
649 763 730 807 Nos
754 762 887 813 datis,
914 767 951 805 et
975 760 1249 818 pastoralibus
1289 760 1438 805 litteris
1473 760 1524 805 ad
1548 761 1692 807 fideles

169 841 335 897 scriptis
367 840 601 884 hulusmodi
625 839 804 883 fallacias
828 838 1033 896 detegere,
1056 839 1262 891 refutare,
1296 851 1343 882 ac
1367 837 1488 882 simul
1521 837 1689 893 docere,

167 915 277 961 hunc
300 917 463 960 civilem
489 916 660 961 Sanctae
683 916 799 960 Sedis
824 918 1094 973 prIncipatum
1116 914 1302 959 Romano
1342 914 1529 959 Pontifici
1566 916 1692 960 fuisse

168 992 368 1049 singulari
401 992 564 1036 divinae
588 991 868 1050 providentiae
891 991 1059 1036 consilio
1082 991 1251 1043 datum,
1279 990 1477 1049 illumque
1500 1005 1693 1036 necessa—

165 1069 273 1112 rlum
297 1082 414 1121 esse,
441 1073 487 1113 ut
514 1068 624 1112 idem
646 1068 852 1113 Romanus
876 1068 1057 1111 Pontifex
1075 1067 1174 1111 nulli
1199 1080 1381 1125 unquam
1406 1067 1584 1125 Principi
1624 1072 1694 1112 aut

163 1145 274 1189 civili
298 1147 485 1203 potestati
514 1145 723 1189 subiectus
747 1158 981 1202 supremam
1005 1146 1187 1188 universi
1210 1143 1420 1188 Domiuici
1456 1145 1596 1200 gregis
1621 1157 1692 1202 pa·

162 1221 305 1265 scendi
341 1222 592 1280 regendique
630 1227 875 1279 potestatem
906 1223 1270 1279 auctoritatemque
1308 1219 1360 1265 ab
1401 1222 1491 1278 ipso
1530 1220 1691 1266 Christo

164 1296 338 1342 Domino
362 1299 556 1343 dixinitus
581 1304 790 1357 acceptam
826 1311 899 1356 per
921 1299 1157 1342 universam
1182 1296 1415 1341 Ecclesiam
1453 1297 1691 1355 plenissima

165 1373 352 1419 libertate
376 1389 566 1420 exercere
587 1412 596 1427 ,
624 1389 669 1420 ac
712 1377 857 1419 maiori
882 1374 1064 1419 eiusdem
1088 1373 1300 1418 Ecclesiae
1351 1379 1389 1418 et
1413 1373 1594 1418 fidelium
1618 1374 1690 1419 bo-

162 1463 238 1503 no,
267 1452 431 1496 utilitati
454 1458 492 1496 et
515 1452 754 1510 indigentiis
779 1451 991 1496 consulere
1015 1453 1159 1509 possit.

221 1527 335 1581 Quae
353 1528 548 1573 hactenus
568 1529 774 1573 lamentati
790 1543 946 1580 sumus,
959 1528 1229 1573 Venerabiles
1248 1528 1431 1581 Fratres,
1456 1527 1688 1572 luctuosum

160 1605 279 1664 plane
309 1605 499 1650 exhibent
530 1605 823 1663 spectaculum.
860 1606 960 1659 Quis
993 1607 1101 1649 enim
1131 1619 1210 1649 non
1236 1605 1347 1649 ridet
1383 1610 1435 1649 tot
1466 1618 1686 1663 pravorum

163 1680 397 1736 dogmatum
420 1683 645 1739 iniquitate,
673 1695 721 1726 ac
744 1687 798 1726 tot
822 1683 1084 1740 nequissimis
1108 1681 1393 1725 deliiamentis
1418 1687 1458 1725 et
1476 1681 1686 1725 machina-

161 1756 337 1800 tionibus
356 1759 488 1814 magis
512 1759 553 1801 in
578 1758 664 1801 dies
688 1758 955 1802 christianum
979 1758 1172 1816 populum
1200 1759 1351 1802 misere
1383 1759 1618 1815 corrumpi,
1647 1762 1686 1803 et

160 1832 212 1878 ad
236 1835 403 1877 exitium
426 1834 607 1892 impelli,
634 1839 671 1878 et
702 1835 942 1879 catholicam
965 1835 1222 1888 Ecclesiam,
1263 1836 1432 1892 eiusque
1463 1834 1684 1878 salutarem

161 1909 386 1954 doctrinam
409 1924 456 1954 ac
478 1911 711 1954 Yeneranda
733 1913 824 1955 iura
847 1917 885 1956 et
906 1911 1036 1969 leges,
1062 1925 1287 1970 sacrosque
1314 1913 1524 1956 ministros
1554 1925 1681 1969 oppu-

160 1988 301 2044 gnari,
330 1992 367 2031 et
390 1989 537 2032 iccirco
561 1990 693 2032 omnia
718 1989 815 2032 vitia
837 1994 875 2032 et
897 1988 1051 2032 scelera
1073 1988 1331 2033 invalescere
1357 2002 1404 2033 ac
1428 1990 1647 2046 propagari
1667 2024 1677 2044 ,

159 2068 198 2108 et
220 2065 351 2121 ipsam
376 2060 537 2108 ciinem
560 2066 795 2109 societatem
818 2067 1048 2122 exagitari?

214 2140 295 2185 Nos
318 2143 452 2199 itaque
474 2142 697 2199 Apostolici
729 2142 865 2186 Nostri
894 2144 1110 2186 mitiisterii
1146 2142 1273 2200 probe
1306 2156 1509 2188 memores
1544 2158 1592 2188 ac
1625 2143 1677 2189 de

156 2217 357 2275 spirituali
380 2220 559 2263 omnium
585 2218 822 2276 populorum
847 2218 950 2263 bono
974 2224 1013 2264 et
1031 2219 1160 2264 salute
1183 2219 1309 2264 NobIs
1333 2219 1530 2265 divinitus
1564 2234 1677 2265 com-

154 2294 281 2337 missa
304 2293 369 2337 x‘el
387 2296 562 2339 maxime
585 2295 761 2349 solllcitI,
783 2309 875 2340 cum
894 2314 911 2336 α
933 2295 1047 2340 aliter
1066 2313 1083 2335 »
1111 2301 1153 2341 ut
1172 2298 1423 2341 sanctissilni
1443 2297 1674 2342 decessoris

153 2369 290 2414 Nostri
304 2370 447 2414 Leonis
461 2371 598 2416 verbis
621 2378 798 2425 utamur,
823 2391 840 2414 «
856 2373 981 2418 Nobis
1004 2375 1245 2418 commissos
1268 2387 1412 2431 regere
1433 2388 1512 2418 non
1540 2376 1673 2432 possi—

159 2464 177 2487 «
203 2461 310 2501 mus,
333 2449 412 2491 nisi
435 2447 523 2499 lios,
550 2450 722 2506 quisunt
744 2450 968 2507 perditores
981 2456 1019 2495 et
1042 2451 1206 2509 perditi,
1221 2450 1304 2495 zelo
1318 2451 1414 2495 fidei
1433 2450 1672 2496 Dominicae

158 2541 176 2563 «
204 2536 518 2582 persequamur,
546 2528 585 2567 et
607 2537 630 2568 a
652 2527 762 2569 sanis
784 2526 988 2571 mentibus
1008 2563 1016 2579 ,
1043 2540 1094 2570 ne
1116 2529 1243 2585 pestis
1266 2527 1367 2571 haec
1393 2527 1514 2570 latIus
1539 2526 1673 2570 divul-

159 2618 176 2640 «
204 2605 338 2658 getur,
364 2601 597 2653 severitate,
624 2614 703 2659 qua
726 2615 960 2659 possumus,
987 2602 1278 2647 abscindamus
1307 2602 1325 2638 1
1354 2620 1393 2655 »,
1420 2604 1460 2647 in
1483 2601 1559 2647 hoc
1582 2615 1668 2646 am-

212 2745 229 2782 1
258 2745 371 2793 Epist.
389 2745 464 2783 vu.
486 2745 532 2783 ad
551 2745 675 2792 Episc.
694 2754 759 2792 per
775 2744 856 2783 Ital.
876 2755 908 2782 c.
927 2745 962 2781 2.
983 2745 1079 2782 Edit..
1097 2744 1229 2784 Baiter.
