1987 3132
304 107 388 151 224
809 119 1004 150 LlTTERAE
1028 119 1319 150 GRAwssmAs

305 204 410 246 siam
434 215 511 246 non
536 201 666 246 solum
691 215 769 246 non
793 201 943 246 debere
965 204 1007 246 in
1030 202 1329 260 philosophiam
1354 216 1535 261 unquam
1567 204 1826 249 animadver-

302 284 405 332 tere,
433 292 576 323 verum
601 280 723 323 etiam
747 277 898 323 debere
919 280 1049 337 ipsius
1070 279 1348 338 philosophiae
1372 279 1544 325 tolerare
1567 294 1742 335 errores,
1766 283 1822 327 ei—

305 370 385 415 que
409 356 639 415 relinquere
673 361 716 400 ut
738 358 827 414 ipsa
850 370 894 400 se
917 358 1118 414 corrigat,
1146 371 1195 400 ex
1219 371 1298 415 quo
1321 358 1456 401 evenit
1475 393 1484 410 ‚
1526 362 1569 402 ut
1592 358 1823 417 philosophi

302 433 409 477 hanc
433 432 715 492 philosophiae
735 432 966 477 libertatem
991 435 1226 478 necessario
1250 435 1495 492 participent
1516 470 1523 486 ,
1564 439 1686 492 atque
1709 437 1766 480 ita
1788 449 1830 479 e—

304 511 402 554 tiam
426 511 505 567 ipsi
529 508 580 553 ab
604 511 711 553 omni
736 509 827 567 lege
850 509 1075 554 solvantur.
1116 509 1271 569 Ecquis
1295 525 1373 555 non
1399 510 1510 555 videt
1547 524 1669 569 quam
1703 511 1828 556 vehe-

302 592 462 630 menter
485 588 536 631 sit
563 586 811 639 reficienda,
839 586 1121 645 reprobanda,
1149 592 1189 632 et
1212 589 1377 632 omnino
1416 588 1649 633 damnanda
1688 588 1829 634 huius-

303 664 413 708 modi
439 663 780 707 Froschhammer
810 666 1012 708 sententia
1041 668 1161 722 atque
1193 665 1411 708 ‹tloctri1‘1a‘?
1445 664 1608 709 Etenim
1641 665 1832 711 Ecclesia

305 753 352 784 ex
380 740 519 784 divina
541 754 613 784 sua
637 741 890 784 institutione
913 745 952 784 et
976 740 1142 784 divinae
1166 741 1263 784 tidei
1286 741 1518 799 depositum
1540 744 1746 800 integrum
1768 744 1830 787 in-

301 817 578 876 violatumque
601 817 916 874 diligentissime
940 817 1146 862 custodite
1166 854 1175 871 ‚
1203 822 1243 862 et
1267 820 1498 863 animarum
1523 819 1644 864 saluti
1669 834 1829 864 summo

306 894 440 938 studio
464 893 586 938 debet
609 896 862 939 continenter
885 894 1136 952 advigilare,
1165 909 1211 940 ac
1235 909 1398 940 summa
1430 910 1528 940 cura
1551 910 1599 941 ea
1623 899 1760 941 omnia
1788 910 1831 942 a-

304 984 470 1015 movere
494 976 531 1015 et
555 971 784 1024 eliminare,
813 985 917 1031 quae
942 971 1003 1015 vel
1029 971 1123 1015 fidei
1147 971 1386 1025 adversari,
1415 972 1478 1017 vel
1502 975 1731 1017 animarum
1765 988 1831 1019 sa-

306 1048 431 1093 lutem
455 1050 600 1106 quoviS
624 1049 745 1092 inodo
769 1051 811 1093 in
834 1049 1058 1093 discrimen
1081 1049 1285 1093 adducere
1311 1055 1494 1106 possunt.
1523 1049 1725 1103 Quocirca
1749 1050 1832 1095 Ec-

308 1124 433 1169 clesia
456 1138 504 1168 ex
524 1129 725 1182 potestate
749 1125 829 1169 sibi
853 1139 877 1169 a
895 1125 1033 1169 divino
1057 1125 1233 1169 Auctore
1251 1128 1472 1170 commissa
1494 1140 1573 1170 non
1592 1126 1724 1170 solum
1748 1128 1827 1179 ius,

309 1201 382 1246 sed
405 1202 583 1245 officium
608 1203 852 1259 praesertim
876 1201 999 1246 habet
1023 1216 1102 1246 non
1127 1202 1325 1246 tolerandi
1346 1238 1355 1254 ‚
1383 1203 1455 1246 sed
1480 1202 1764 1261 proscribendi
1786 1216 1832 1247 ac

313 1277 535 1322 damnandi
559 1292 702 1322 omnes
726 1292 902 1331 errores,
931 1281 964 1322 si
988 1280 1043 1322 ita
1066 1278 1161 1321 fidei
1185 1279 1399 1335 integritas
1422 1314 1431 1331 ‚
1457 1282 1496 1321 et
1518 1279 1746 1322 animarum
1768 1291 1835 1322 sa-

311 1354 376 1399 lus
396 1355 705 1413 postulaveriiit‚
730 1360 768 1399 et
792 1357 903 1399 omni
922 1354 1178 1413 philosopho,
1202 1357 1271 1413 qui
1294 1354 1507 1399 Ecclesiae
1527 1355 1636 1399 filius
1655 1368 1748 1399 esse
1765 1369 1835 1400 ve—

313 1432 375 1486 lit,
401 1445 449 1477 ac
472 1433 592 1476 etiam
617 1431 898 1490 philosophiae
921 1432 1099 1476 ostiolum
1123 1431 1345 1486 incumbit,
1372 1431 1472 1476 nihil
1497 1446 1677 1491 unquam
1699 1432 1835 1477 dicere

313 1514 455 1554 contra
478 1523 539 1564 ea,
566 1522 670 1567 quae
693 1508 877 1553 Ecclesia
900 1508 1018 1553 docet
1035 1545 1045 1563 ‚
1073 1514 1111 1554 et.
1134 1523 1181 1553 ea
1204 1514 1479 1562 rectractare,
1507 1508 1558 1553 de
1588 1509 1737 1567 quibus
1766 1523 1835 1554 eos

314 1585 504 1631 Ecclesia
527 1587 743 1630 monuerit.
784 1586 1033 1630 Sententiam
1069 1590 1204 1630 autem
1223 1621 1233 1639 ‚
1259 1599 1364 1644 quae
1388 1587 1636 1630 contrarium
1660 1585 1831 1640 edocet,

314 1664 478 1708 omnino
511 1676 723 1706 erroneam
759 1667 797 1706 et
824 1664 903 1719 ipsi
938 1662 1034 1706 fidei
1069 1662 1278 1706 Ecclesiae
1314 1664 1482 1719 eiusque
1507 1663 1739 1706 auctoritati
1770 1661 1835 1706 vel

313 1741 491 1784 maxime
514 1741 752 1783 iniuriosam
777 1752 869 1782 esse
892 1738 1091 1782 edicimus
1114 1744 1152 1782 ct
1175 1738 1450 1782 declaramus.

374 1815 534 1869 Quibus
567 1815 756 1858 omnibus
789 1819 977 1859 accurate
1009 1816 1246 1872 perpensis,
1284 1813 1334 1857 de
1366 1813 1606 1858 eorumdem
1630 1813 1714 1858 VV.
1755 1813 1833 1858 FF.

313 1892 399 1935 Ny.
429 1892 470 1935 S.
494 1891 541 1936 R.
565 1891 616 1935 E.
645 1891 923 1936 Cat-‹tttnatium
948 1891 1286 1949 Congregationis
1310 1891 1426 1935 libris
1451 1890 1641 1935 notandis
1667 1904 1837 1949 praepo-

316 1972 417 2014 sitae
440 1969 634 2021 consilio,
664 1982 710 2012 ac
735 1974 844 2013 motu
869 1970 1030 2027 proprio
1066 1973 1104 2012 et
1137 1973 1248 2012 certa
1271 1970 1441 2012 scientia
1461 2003 1471 2021 ‚
1498 1973 1654 2012 matura
1682 1967 1839 2012 delibe-

315 2047 471 2090 ratione
493 2045 664 2097 Nostra,
692 2045 824 2104 deque
849 2045 1105 2104 Apostolicae
1128 2045 1300 2088 Nostrae
1338 2046 1547 2102 potestatis
1582 2044 1840 2102 plenitudine

316 2123 546 2181 praedictos
570 2122 696 2167 libros
721 2122 959 2182 Presbyteri
983 2122 1328 2166 Froschhainmer
1352 2127 1559 2180 tamquam
1583 2123 1835 2164 continentes

317 2201 631 2257 propositiones,
663 2204 701 2243 et
719 2198 924 2243 doctrinas
948 2200 1177 2256 respective
1202 2197 1351 2251 salsas,
1379 2211 1601 2250 erroneas,
1628 2196 1841 2240 Ecclesiae

320 2277 488 2332 eiusque
513 2276 745 2319 auctoritati
769 2290 816 2319 ac
839 2273 996 2319 iuribus
1020 2276 1238 2318 initlriosas
1263 2272 1546 2330 reprobamus,
1575 2272 1836 2328 (Iamponius,

318 2364 365 2394 ac
389 2364 462 2408 pro
486 2351 715 2408 reprobatis
739 2357 777 2395 et
812 2351 1014 2395 damnatis
1054 2350 1104 2394 ab
1128 2349 1316 2394 ominbus
1354 2348 1496 2393 haberi
1522 2349 1735 2404 volumus⁷
1778 2353 1839 2394 at—

319 2440 398 2485 que
422 2426 554 2470 eidem
580 2427 893 2484 Congregationi
919 2426 1178 2479 mandamus,
1206 2431 1248 2470 ut
1266 2425 1431 2470 eosdem
1456 2425 1583 2470 libros
1604 2428 1642 2469 in
1662 2425 1839 2469 indicem

319 2503 615 2561 prohibitorum
640 2503 837 2548 librorum
863 2505 1023 2548 reserat.

381 2580 487 2624 Duru
513 2594 610 2624 vero
633 2580 731 2625 haec
749 2580 839 2625 Tibi
864 2582 1161 2639 significamus,
1184 2581 1441 2625 Venerabilis
1464 2581 1621 2632 Frater,
1650 2593 1726 2623 non
1746 2591 1839 2636 pos—

323 2671 465 2701 samus
489 2672 565 2701 non
592 2660 821 2717 expiitnere
844 2671 1037 2715 magnum
1063 2660 1187 2702 animi
1205 2657 1340 2702 Nostri
1365 2657 1560 2710 dolorem,
1581 2669 1672 2701 cum
1698 2654 1837 2698 xidca-

323 2748 414 2778 mus
440 2735 544 2778 hunc
573 2736 696 2779 filium
718 2773 725 2789 ,
750 2735 985 2780 eorumdem
1008 2735 1207 2780 librorum
1231 2741 1436 2792 auctorem
1458 2771 1466 2787 ,
1495 2735 1563 2792 qui
1596 2733 1834 2790 ceteroquin

326 2810 376 2855 de
400 2810 585 2856 Ecclesia
610 2811 864 2858 bonemereri
887 2814 1099 2871 potuisset,
1126 2813 1275 2858 infeli&
1299 2812 1476 2871 quodam
1510 2809 1643 2855 cordis
1676 2811 1833 2868 Impetu
