1987 3132
430 89 645 122 ALLocurro
668 88 846 118 auxum
872 87 1043 123 omnm!
1069 73 1091 115 {t
1117 84 1216 116 utun
1239 70 1371 114 1862.
1472 110 1473 115 ,
1574 69 1650 112 211

146 175 308 232 gencrIs
332 172 488 218 artibus
517 171 798 215 sanctissimae
826 173 988 212 nostrae
1021 167 1258 225 religionis,
1298 172 1334 211 et
1369 165 1572 210 humanae
1595 179 1660 209 so-

147 252 304 296 cietatis
329 250 589 294 fundamenta
611 246 876 298 labefactare,
915 247 1054 296 immo,
1092 247 1127 289 si
1162 245 1250 288 fieri
1290 257 1466 302 uuquam
1504 248 1658 301 posset,

148 329 307 387 penitus
331 331 529 376 evertere,
556 325 818 381 omniumque
841 324 998 367 animos
1028 327 1266 380 mentesque
1300 321 1664 378 perniciosissimis

148 405 379 464 quibusque
402 401 609 447 erroribus
628 399 826 451 imbuere,
845 411 1124 456 corrumpere,
1148 403 1186 441 et
1205 396 1445 441 acatholica
1468 396 1665 452 religi0ne

150 480 324 526 avellere
347 479 578 523 molluntur.
606 477 808 520 Nimirum
831 474 1084 519 callidissimi
1108 476 1175 518 isti
1202 474 1388 518 fraudum
1409 472 1603 524 artifices,
1629 476 1666 515 et

152 558 414 602 fabricatores
450 553 652 599 mendacii
690 567 767 596 uon
802 556 964 596 cessant
999 556 1231 595 monstrosa
1263 563 1447 608 quaeque
1481 554 1668 593 reterum

153 647 335 678 errorum
365 636 550 690 portenta
580 633 660 674 iam
693 629 1006 687 sapientissimis
1039 629 1202 685 scriptis
1232 628 1348 671 toties
1384 627 1600 684 profligata
1622 638 1670 668 ac

153 710 338 768 depulsa,
361 709 685 766 gravissimoque
703 706 916 750 Ecclesiae
935 705 1085 749 iudicio
1104 704 1295 748 damnata
1318 717 1339 747 e
1363 702 1542 747 tenebris
1563 703 1672 746 exci-

154 792 255 840 tare,
278 799 404 844 eaque
427 787 559 837 noris,
584 785 709 828 variis
733 796 779 827 ac
804 782 1077 826 fallacissimis
1102 782 1241 825 formis
1268 779 1488 838 verbisque
1506 792 1674 837 expres-

154 879 201 909 sa
224 875 491 920 exaggerare,
521 866 558 904 et
582 860 713 904 modis
738 858 928 903 omnibus
952 870 1247 916 usquequaque
1272 857 1559 901 disseminare.
1587 855 1674 899 Hac

156 942 433 986 funestissima
455 951 502 982 ac
532 936 732 981 diabolIca
765 950 932 993 prorsus
968 941 1055 980 arte
1084 948 1222 979 rerum
1251 936 1432 978 omnium
1463 935 1677 977 scientiam

156 1018 444 1066 contaminant,
463 1013 696 1070 deturpant,
718 1013 969 1056 mortiferum
995 1011 1045 1055 ad
1071 1013 1300 1055 animarum
1320 1011 1542 1068 perniciem
1565 1011 1678 1052 virus

157 1092 399 1143 diffundunt,
428 1091 691 1134 effraenatam
715 1088 879 1132 vivendi
901 1087 1125 1139 licentiam,
1154 1092 1191 1130 et
1217 1100 1365 1144 pravas
1401 1098 1587 1144 quasque
1611 1098 1682 1129 cu—

156 1170 348 1230 piditates
373 1169 534 1219 forent,
574 1166 812 1223 religiosum
850 1178 899 1209 ac
934 1165 1124 1209 socialem
1164 1164 1349 1208 ordinem
1385 1165 1618 1215 invertunt,
1645 1171 1681 1206 et

158 1259 319 1292 omnem
342 1245 546 1295 iustitiae,
582 1244 789 1293 veritatis,
817 1244 940 1294 iuris,
981 1241 1203 1285 honestatis
1234 1254 1281 1284 ac
1313 1239 1525 1297 religionis
1549 1239 1684 1283 ideam

160 1326 398 1380 extinguere
420 1325 632 1371 conantur,
660 1324 699 1363 et
731 1320 992 1363 sanctissima
1026 1317 1179 1362 Christi
1214 1317 1421 1372 dogmata,
1459 1316 1685 1360 docuinam

161 1398 348 1450 irrident,
362 1400 636 1448 contemnunt,
649 1400 899 1453 oppugnant.
916 1393 1064 1438 Horret
1077 1393 1244 1452 quidem
1259 1394 1488 1450 refugitque
1506 1394 1683 1444 animus,

162 1489 210 1520 ac
234 1473 471 1518 reformidat
490 1472 553 1516 vel
571 1471 716 1516 leviter
734 1474 937 1528 attingere
956 1473 1196 1529 praecipuos
1216 1475 1371 1514 tantum
1391 1470 1689 1528 pestiferosque

163 1565 340 1604 errores,
368 1549 518 1609 quihus
541 1548 777 1593 huiusmodi
804 1548 988 1593 homines
1013 1549 1258 1592 mIserrirnis
1283 1548 1395 1591 hisce
1433 1545 1688 1605 temporibus

164 1628 305 1672 divina
328 1631 367 1670 et
391 1625 569 1670 humana
593 1628 739 1669 cuncta
762 1627 1028 1682 permiscent.

224 1705 350 1747 Nemo
372 1703 564 1747 Vestrum
587 1704 764 1760 ignorat,
793 1701 1056 1747 Venerabiles
1082 1701 1260 1754 Fratres,
1284 1700 1335 1745 al)
1359 1699 1594 1744 huiusmodi
1619 1698 1691 1743 ho-

166 1779 346 1825 minibus
370 1779 488 1837 plane
511 1779 668 1822 destrui
694 1780 969 1823 necessat-Iam
994 1778 1106 1822 illam
1131 1778 1455 1828 cohaerentiam,
1489 1790 1593 1834 quae
1615 1775 1691 1820 Dei

167 1856 372 1901 voluntate
397 1854 611 1898 intercedit
635 1856 739 1898 inter
761 1859 981 1913 utrumque
1004 1854 1205 1907 ordinem,
1233 1855 1303 1912 qui
1334 1858 1416 1897 tum
1449 1855 1490 1896 in
1528 1857 1689 1904 natura,

165 1938 249 1978 tum
272 1946 397 1990 supra
420 1936 608 1975 naturam
631 1935 707 1982 est,
735 1932 914 1990 itemque
937 1930 988 1975 ab
1014 1933 1117 1989 ipsis
1142 1932 1307 1975 omnIno
1332 1930 1567 1978 immutari,
1594 1927 1693 1973 sul)-

167 2011 288 2061 verti,
315 2008 443 2052 deleri
467 2009 691 2066 propriam,
720 2021 858 2052 veram
882 2021 1205 2066 germanamque
1232 2007 1395 2051 divinae
1430 2005 1691 2050 revelationis

167 2086 361 2138 indolem,
389 2087 686 2138 auctoritatem,
704 2083 995 2143 Ecclesiaeque
1013 2086 1342 2129 constitutionem
1367 2088 1405 2127 et
1428 2087 1689 2141 potestatem.

168 2163 301 2222 Atque
323 2176 370 2207 eo
393 2161 584 2220 opinandi
611 2163 835 2206 temeritate
858 2161 1192 2219 progrediuntur,
1214 2166 1256 2205 ut
1280 2174 1441 2205 omnem
1461 2161 1691 2212 veritatem,

171 2252 414 2297 omnemque
436 2238 585 2296 legem,
613 2242 857 2297 potestatem
880 2242 918 2282 et
942 2240 1005 2282 ius
1029 2237 1192 2282 dIvinae
1216 2238 1386 2294 origInis
1417 2235 1696 2280 audacissime

173 2315 379 2372 denegare
400 2328 480 2359 non
497 2320 694 2360 metuant.
713 2314 923 2373 Siquidem
945 2314 1053 2358 haud
1072 2313 1321 2358 erubescunt
1340 2325 1543 2365 asserere,
1566 2311 1696 2369 philo-

175 2391 436 2450 sophicarum
458 2405 610 2445 rerum,
638 2405 880 2450 morumque
912 2392 1155 2444 sciendam,
1195 2392 1376 2448 itemque
1409 2388 1551 2433 clviles
1584 2388 1699 2444 leges

173 2481 295 2527 posse
318 2480 365 2511 ac
388 2466 539 2511 debere
562 2467 747 2523 ajdivina
765 2468 1031 2522 revelatione,
1059 2472 1097 2512 et
1121 2466 1331 2512 Ecclesiae
1361 2466 1603 2510 auctoritate
1627 2463 1698 2507 de-

177 2544 345 2599 clinare,
381 2548 419 2588 et
448 2543 679 2587 Ecclesiam
711 2557 792 2588 non
826 2558 918 2589 esse
952 2558 1095 2589 veram
1124 2545 1427 2602 perfectamque
1462 2540 1699 2584 societatem

179 2621 296 2680 plane
317 2620 508 2674 liberam,
534 2633 610 2665 nec
646 2619 798 2678 pollere
831 2623 917 2665 suls
951 2623 1129 2680 propr-ils
1159 2626 1198 2664 et
1231 2616 1510 2664 constantibus
1539 2614 1698 2659 iuribus

181 2698 260 2744 sibi
283 2713 307 2743 a
328 2699 465 2744 divino
488 2711 561 2742 suo
586 2696 815 2742 Fundatore
839 2697 1010 2751 collatis,
1033 2697 1105 2742 sed
1124 2697 1256 2741 civilis
1275 2695 1486 2754 potestatis
1511 2705 1603 2736 esse
1628 2691 1699 2734 de-

182 2776 317 2830 finire,
342 2789 446 2835 quae
469 2777 549 2820 sint
574 2773 784 2819 Ecclesiae
807 2775 895 2819 iura
919 2778 958 2819 et
989 2773 1164 2827 litnites,
1192 2775 1297 2818 intra
1321 2785 1421 2830 quos
1446 2768 1588 2814 eadem
1611 2769 1699 2813 iura
