1987 3132
302 87 384 131 176
627 97 820 129 LITTERAE
844 95 1110 128 ..xrosromexss
1134 97 1224 126 citu
1247 96 1491 127 CATHOLICA

299 181 398 225 allas
421 178 722 239 quomodolibet
746 178 1013 236 qualificatis,
1041 182 1079 222 et
1104 177 1326 235 specialem
1351 178 1658 236 expressionem
1682 179 1819 236 requi-

299 256 483 302 rentibus
519 255 595 300 sub
628 253 952 314 quibuscumque
986 253 1205 299 verborum
1239 253 1449 299 tenoribus
1485 259 1522 298 et
1557 255 1730 307 sormis,
1769 267 1818 299 ae

302 348 394 379 eum
417 333 630 392 quibusvis
654 334 776 377 etiam
800 332 1149 389 derogatoriarum
1175 331 1461 389 derogatoriis,
1484 331 1658 389 aliisque
1682 331 1818 375 estiea-

302 411 508 463 cioribus,
535 411 855 460 effieae1ssimis,
884 413 922 453 et
944 408 1117 453 Insolitis
1142 408 1362 460 clausulis,
1391 407 1752 466 irritantibusque,
1780 412 1819 452 et

302 487 392 532 aliis
414 487 598 532 Decretis
619 523 628 540 ,
655 488 775 530 etiam
798 489 937 536 motu,
967 486 1163 536 seientia,
1192 490 1231 529 et
1255 486 1464 543 potestatis
1490 483 1740 542 plenitudine
1765 485 1819 528 si-

302 564 491 617 milibus,
531 569 566 608 et
602 562 958 614 consistorialiter,
994 567 1032 606 et
1054 561 1154 606 alias
1179 561 1481 620 quomodolibet
1505 563 1544 605 iu
1569 561 1818 604 eontrarium

302 642 621 700 praemissorum
646 641 869 693 concessis,
895 638 1029 691 editis,
1058 639 1173 682 saetis
1203 651 1250 682 ae
1272 638 1426 696 pluries
1450 639 1605 682 iteratis
1629 643 1665 682 et
1689 651 1818 696 quan-

305 720 529 776 tiseumque
553 717 712 761 rieibus
737 716 1000 775 approbatis,
1027 716 1304 767 confirmatis,
1340 720 1379 759 et
1402 716 1618 759 innovatis.
1658 713 1818 768 Quibus

302 796 489 840 onmibus
514 800 554 839 et
576 793 777 852 singulis,
818 795 980 838 etIamsi
1016 807 1088 852 pro
1120 793 1282 838 illorum
1311 793 1527 837 sussieienti
1557 792 1818 850 derogatione

303 874 352 917 <te
376 873 456 917 illis
480 885 700 930 eorumque
736 873 826 915 totis
862 870 1070 915 tenoribus
1097 869 1287 928 specialis
1309 906 1317 923 ,
1345 870 1535 927 speeitiea
1557 905 1565 921 ,
1594 882 1815 927 expressa,

304 955 341 994 et
365 949 575 994 individua
596 985 605 1001 ,
639 962 686 993 ae
710 948 760 991 de
782 947 907 992 verbo
932 947 984 992 ad
1009 946 1181 991 verbum
1201 982 1208 1000 ,
1249 960 1329 991 non
1362 950 1497 991 autem
1519 959 1592 1004 per
1616 944 1819 990 clausulas

305 1026 517 1084 generales
541 1025 648 1070 idem
672 1027 937 1083 isuper-tantos
957 1059 965 1076 ,
1004 1025 1154 1068 mentio
1175 1059 1182 1075 ,
1222 1036 1296 1067 seu
1318 1025 1486 1082 quaevis
1509 1022 1587 1066 alia
1612 1022 1820 1080 expressio

305 1103 522 1154 habenda,
549 1107 615 1146 aut
640 1101 775 1160 aliqua
797 1100 877 1145 alia
899 1102 1101 1159 exquisita
1126 1101 1253 1144 forma
1283 1100 1334 1144 ad
1363 1100 1438 1144 hoe
1463 1099 1664 1144 servanda
1688 1100 1816 1151 foret,

308 1186 468 1226 tenores
492 1178 740 1231 huiusmodi,
762 1191 809 1222 ae
833 1179 867 1222 si
892 1177 941 1221 de
960 1177 1086 1221 verbo
1109 1177 1159 1221 ad
1179 1177 1368 1231 verbum,
1390 1178 1444 1221 nil
1468 1178 1627 1234 penitus
1650 1177 1817 1227 omisso,

307 1263 345 1302 et
370 1259 496 1302 forma
521 1258 560 1300 in
586 1255 665 1300 illis
690 1254 838 1300 tradita
862 1253 1092 1304 observata,
1115 1255 1439 1311 exprimerentur
1462 1257 1501 1297 et
1523 1254 1817 1304 insererentur,

307 1333 592 1394 praesentibus
615 1345 688 1390 pro
712 1331 828 1389 plene
853 1334 891 1374 et
914 1330 1162 1374 sufficienter
1186 1331 1392 1388 expressis
1419 1335 1457 1374 et
1480 1331 1642 1373 insertis
1666 1327 1822 1372 liaben-

307 1417 391 1465 tes,
418 1410 497 1454 illis
522 1409 623 1454 alias
648 1411 688 1453 in
712 1421 784 1452 sue
808 1407 954 1452 robore
978 1408 1282 1465 permansuris,
1309 1407 1360 1451 ad
1384 1407 1704 1465 praemissorum
1729 1406 1822 1449 effe-

305 1494 413 1533 etum
450 1487 526 1531 hae
550 1488 640 1530 viee
674 1485 884 1530 dumtaxat
920 1484 1152 1542 speeialiter
1187 1488 1225 1528 et
1258 1497 1450 1541 expresse
1484 1483 1757 1540 derogamus,
1785 1487 1823 1526 et

305 1566 545 1622 derogatum
569 1577 660 1608 esse
683 1562 888 1615 volumus,
911 1563 1138 1619 ceterisque
1161 1562 1374 1605 contrariis
1392 1560 1720 1619 quibuscumque
1742 1572 1821 1604 non

305 1641 579 1687 obstantibus.

365 1719 465 1764 Cum
490 1724 624 1762 autem
648 1715 815 1760 eaedem
840 1719 1077 1773 praesentes
1100 1713 1275 1757 Litterae
1298 1712 1477 1770 ubique,
1511 1726 1557 1756 ae
1581 1712 1822 1769 praesertim

305 1798 346 1841 in
369 1796 469 1840 loeis
489 1831 498 1850 ,
525 1796 565 1838 in
589 1794 737 1852 quibus
760 1794 939 1836 maxime
961 1804 1064 1849 opus
1089 1795 1195 1834 esset
1216 1826 1224 1842 ,
1256 1793 1460 1847 nequeant
1484 1793 1567 1833 tute
1590 1787 1818 1846 publicari,

304 1875 361 1918 uti
386 1873 541 1917 notorie
565 1874 750 1924 constat,
778 1869 966 1913 volumus
989 1867 1108 1920 illas,
1136 1880 1207 1910 seu
1232 1879 1374 1910 earum
1397 1865 1585 1924 exempla
1607 1865 1659 1910 ad
1682 1865 1823 1909 valvas

304 1949 518 1994 Ecclesiae
540 1947 854 2000 Lateranensis,
886 1950 925 1988 et
956 1943 1155 1988 Basilieae
1178 1943 1379 2000 Principis
1404 1941 1715 1999 Apostolorum,
1749 1954 1823 1985 nee

305 2041 384 2071 non
407 2024 681 2070 Cancellariae
703 2021 986 2080 Apostolieae,
1009 2020 1237 2078 Cariaeque
1262 2018 1472 2063 Generalis
1496 2021 1535 2062 in
1559 2019 1693 2063 Monte
1717 2017 1824 2063 Cita-

308 2104 434 2154 tori0,
461 2105 499 2145 et
523 2103 561 2144 in
586 2101 683 2144 Acie
706 2099 848 2155 tlanqii
871 2097 1014 2141 Florae
1038 2097 1088 2140 de
1112 2095 1250 2148 Urbe,
1293 2100 1336 2139 ut
1370 2096 1495 2139 moris
1535 2099 1592 2138 est
1617 2131 1625 2147 ,
1653 2095 1762 2151 affigi
1786 2100 1824 2138 et

306 2178 529 2237 publicari,
567 2178 706 2234 sieque
744 2175 971 2234 publicatas
1003 2179 1042 2218 et
1065 2174 1206 2217 affixas
1242 2186 1382 2216 omnes
1407 2176 1445 2216 et
1468 2170 1680 2227 singulos,
1720 2183 1822 2228 quos

305 2255 396 2299 illae
421 2258 682 2305 concernunt,
711 2251 878 2310 periiide
901 2255 1074 2303 aret-are,
1102 2264 1149 2293 ae
1172 2251 1207 2293 si
1231 2250 1451 2306 unicquue
1475 2260 1615 2291 eorum
1640 2247 1824 2289 nomina-

310 2333 379 2376 tIm
402 2335 441 2374 et
465 2329 730 2387 personaliter
754 2330 962 2372 intimatae
986 2327 1171 2370 fuissent.

364 2406 558 2452 Volumus
593 2410 726 2449 autem
759 2409 802 2448 ut
837 2403 1071 2448 earumdem
1107 2402 1347 2446 Litterarum
1381 2401 1702 2458 Transumptis,
1747 2411 1821 2443 seu

307 2483 548 2541 Exemplis,
576 2483 697 2525 etiam
720 2481 961 2539 impressis,
989 2493 1112 2523 manu
1147 2479 1318 2523 alieuius
1353 2478 1510 2523 Notarii
1540 2476 1697 2521 Publici
1728 2473 1825 2519 sub-

309 2563 489 2619 scriptis,
512 2564 550 2604 et
568 2558 703 2616 sigillo
725 2557 895 2602 allequs
918 2557 1117 2601 Personae
1141 2558 1181 2600 in
1204 2557 1401 2614 dignitate
1425 2554 1705 2599 ecclesiastiea
1727 2563 1824 2596 eon-

310 2641 471 2684 stitulae
495 2637 687 2689 munius,
722 2634 864 2680 eadem
889 2648 1053 2692 prorsus
1078 2634 1178 2679 fides
1200 2634 1351 2693 ubique
1374 2633 1555 2677 loeorum
1579 2635 1617 2675 et
1640 2629 1823 2687 gentium
