1987 3132
699 77 723 119 8
748 89 970 120 nrcminssis
994 76 1124 120 1849.
1613 77 1668 121 535

154 170 415 224 edoceantur,
443 170 644 228 slmillquo
666 175 928 223 moneantur,
958 176 995 215 et
1018 172 1243 215 excitentur
1266 169 1510 215 omnImodis
1533 170 1585 215 ad
1608 172 1670 216 ri-

154 251 237 292 tam
260 260 476 306 moresque
498 260 593 292 suos
617 247 668 291 ad
690 247 851 292 illorum
869 260 1054 292 normam
1074 247 1390 305 componendos.
1413 248 1670 293 lntlammate

152 325 196 368 in
219 337 311 368 eum
334 325 457 368 finem
480 323 863 368 Ecclesiasticorum
886 323 1095 368 hominum
1118 324 1264 376 zelum,
1290 323 1452 368 illorum
1481 337 1670 382 pracser-

154 401 242 452 tIm,
269 400 416 458 quibus
439 401 667 444 animarum
698 413 795 444 cura
824 401 1067 444 demandata
1096 405 1172 453 est,
1211 405 1253 444 ut
1284 402 1392 444 serio
1423 400 1667 445 meditantes

151 476 440 529 ministerium,
467 476 574 534 quod
596 481 839 534 acceperunt
863 478 903 520 in
926 476 1120 529 Domino,
1160 481 1197 520 et
1234 475 1430 520 habentes
1455 475 1506 520 ol)
1530 476 1669 520 oculos

153 551 378 597 Tridentini
409 552 577 597 Concilii
613 555 862 611 praescripta
890 553 924 606 1,
966 554 1112 597 maiori
1134 566 1264 611 usque
1285 552 1508 605 alacritate,
1549 556 1667 609 prout

153 632 381 687 temporum
414 631 514 674 ratio
538 630 727 687 postulat,
753 632 794 674 in
826 630 1074 675 christianae
1110 629 1241 686 plebis
1277 631 1585 674 instructionem
1606 630 1670 673 in-

152 705 360 760 cumbant,
387 712 425 751 ct
447 721 564 752 sacra
587 707 761 765 eloquia,
789 721 836 752 ae
858 708 1000 753 salutis
1027 709 1179 751 monita
1202 709 1242 751 in
1268 708 1448 751 omnium
1472 705 1668 750 eordIbus

153 784 337 827 inserere
358 783 571 836 studeant,
611 786 895 829 annunciando
924 786 1027 842 ipsis
1059 797 1151 828 cum
1180 783 1378 827 brevitate
1409 785 1448 826 et
1480 780 1671 826 facilitate

154 860 356 903 sermonIs
378 861 491 913 x‘itia,
518 873 622 918 quae
644 874 712 904 cos
737 861 958 912 declinare,
986 865 1026 905 et
1042 862 1228 912 vlrtutes,
1256 872 1357 917 quas
1380 859 1529 903 sectari
1551 870 1671 914 opor-

155 939 251 987 teat,
278 940 320 980 ut
345 950 515 994 poenam
538 941 744 981 aeternam
768 937 957 989 evadere,
985 942 1023 981 et
1046 936 1263 981 caelestem
1282 935 1455 992 gloi·1am
1477 935 1670 992 consequi

154 1012 328 1057 valeant.

214 1088 433 1146 Speciatiin
455 1103 553 1135 vero
577 1091 875 1148 procurandum
898 1094 975 1143 est,
1001 1094 1044 1134 ut
1067 1089 1209 1134 fideles
1244 1089 1325 1146 ipsi
1359 1089 1606 1145 impressum
1628 1087 1670 1131 in

154 1167 302 1210 animis
325 1166 514 1220 habeant,
533 1168 692 1226 alteque
709 1168 887 1212 defixum
911 1167 1060 1224 dogma
1084 1166 1183 1210 illud
1207 1166 1491 1210 sanctissimae
1505 1167 1669 1207 nostrae

153 1240 393 1298 Religionis,
414 1243 523 1301 quod
545 1248 606 1287 est
630 1244 680 1287 de
705 1246 944 1288 necessitate
969 1242 1189 1287 catholicae
1208 1241 1322 1285 Fidei
1340 1240 1391 1284 ad
1409 1238 1670 1284 obtinendam

156 1318 327 1362 salntem
357 1319 390 1362 2,
417 1319 536 1363 Hunc
559 1322 597 1364 ln
622 1321 744 1364 finem
763 1333 1021 1377 summopere
1040 1319 1253 1369 conducet,
1274 1323 1317 1361 ut
1334 1319 1374 1361 in
1395 1316 1567 1374 publicis
1581 1327 1672 1359 ora-

157 1394 336 1439 ti0nilius
359 1396 498 1441 fideles
528 1397 620 1441 laici
653 1411 733 1441 una
765 1411 857 1441 cum
880 1396 996 1441 Clero
1029 1400 1152 1453 agant
1188 1393 1410 1439 identidem
1442 1392 1670 1450 peculiares

156 1469 243 1515 Deo
266 1474 416 1528 gratias
442 1487 512 1530 pro
535 1473 822 1518 inaestimabili
850 1473 1073 1518 catholicae
1094 1471 1318 1528 ReligIonis
1341 1469 1557 1520 beneficio,
1591 1480 1672 1526 quo

154 1549 267 1605 ipsos
291 1562 430 1593 omnes
453 1549 769 1594 clementissime
799 1550 989 1602 donavit,
1029 1554 1149 1607 atque
1184 1547 1235 1592 ab
1270 1546 1413 1591 eodem
1441 1545 1676 1589 Misericor-

159 1624 319 1669 diarum
354 1625 471 1669 Patre
505 1626 743 1684 suppliciter
777 1631 942 1684 petant,
982 1631 1024 1670 ut
1049 1624 1231 1670 eiusdem
1261 1623 1486 1679 Religionis
1520 1621 1676 1679 profes-

157 1703 313 1746 sIoncm
340 1704 380 1746 in
403 1703 638 1759 regionibus
662 1705 810 1748 nostris
845 1705 974 1758 tueri,
1013 1707 1051 1746 et
1084 1700 1320 1746 inviolatam
1344 1710 1590 1743 conservare
1613 1697 1677 1742 di-

169 1782 329 1835 gnelar.

220 1853 378 1898 interea
399 1853 524 1898 Vobis
548 1859 657 1899 certe
682 1855 897 1913 peculiaris
920 1855 996 1898 erit
1019 1867 1130 1905 cura,
1157 1857 1202 1896 ut
1226 1851 1367 1895 fideles
1391 1862 1534 1894 omnes
1575 1853 1673 1893 tem-

160 1933 318 1988 pestive
343 1944 365 1974 a
387 1930 723 1976 Fraternitatilius
746 1932 899 1976 VestriS
924 1932 1148 1988 suspriant
1172 1929 1481 1972 Sacramentum
1517 1925 1676 1970 Confir-

161 2008 367 2058 mationis,
394 2021 465 2065 per
487 2008 593 2066 qnod
618 2022 778 2052 summo
802 2007 876 2052 Dei
908 2007 1107 2052 beneficio
1143 2003 1334 2062 specialis
1366 2004 1522 2060 gratiae
1556 2001 1680 2045 robur

163 2084 368 2128 confertur
391 2084 443 2128 ad
465 2084 606 2128 Fidem
632 2084 871 2129 catholicam
894 2086 933 2128 in
952 2081 1212 2141 gravioribus
1233 2082 1355 2125 etiam
1374 2077 1566 2137 periculIS
1584 2090 1681 2122 con-

165 2164 318 2205 stanter
341 2161 624 2219 profitendam.
667 2162 751 2206 Nec
775 2175 896 2219 porro
920 2161 1136 2218 ignoratis,
1164 2157 1337 2203 eundem
1362 2158 1403 2200 in
1440 2156 1561 2199 [inem
1586 2166 1681 2212 pro-

165 2237 301 2289 desse,
327 2243 369 2282 ut
390 2240 469 2297 ipsi
491 2253 515 2283 a
538 2243 797 2297 peccatorum
819 2237 1027 2290 sordibus,
1056 2251 1126 2295 per
1149 2237 1354 2280 siuceram
1378 2232 1540 2277 illorum
1569 2230 1681 2275 dete-

166 2315 396 2367 stationem,
424 2319 463 2359 et
486 2315 790 2360 Sacramentum
823 2315 1098 2360 Poenitentiae
1133 2313 1299 2370 expiat1‚
1338 2311 1501 2367 saepius
1535 2307 1682 2351 devote

164 2392 390 2448 percipiant
413 2393 714 2437 sanctissimum
737 2390 1020 2436 Eucharistiae
1046 2390 1372 2439 Sacramentum,
1399 2387 1439 2430 in
1462 2397 1541 2443 quo
1559 2383 1680 2441 spiri-

227 2525 247 2561 1
267 2525 364 2562 Sess.
384 2525 425 2562 V.
445 2535 524 2571 cap.
545 2526 578 2562 2.
596 2547 640 2552 -
654 2525 752 2563 Sess.
770 2525 895 2562 XXIV.
918 2536 999 2572 cap.
1019 2526 1054 2563 4.
1075 2529 1111 2562 ct
1129 2524 1164 2560 7.
1187 2522 1232 2559 de
1252 2522 1335 2559 Res.

226 2591 248 2627 Q
266 2592 345 2629 Hoc
364 2591 498 2638 dogma
518 2601 538 2627 a
561 2590 703 2628 Christo
735 2595 946 2637 acceptum,
983 2595 1020 2627 et
1044 2588 1266 2626 inculcatum
1294 2596 1313 2623 a
1339 2584 1505 2622 Patribus
1527 2586 1636 2629 atque
1659 2590 1679 2617 a

166 2658 351 2703 Conciliis,
372 2657 528 2694 habetur
545 2656 652 2692 etiam
671 2656 707 2691 in
726 2655 906 2692 Formulis
919 2654 1163 2692 professionis
1181 2652 1300 2697 Fidei,
1314 2656 1388 2688 tum
1406 2650 1444 2685 in
1463 2658 1503 2685 ea
1522 2646 1679 2688 scilicet,

169 2733 264 2770 quae
282 2722 377 2769 apud
392 2722 551 2767 Latinos,
571 2721 698 2759 tamin
721 2730 773 2759 ea,
798 2730 890 2767 [fuae
913 2721 1010 2767 apud
1025 2720 1198 2762 Graecos,
1219 2721 1294 2754 tum
1313 2715 1349 2752 in
1367 2714 1449 2759 alia,
1471 2721 1564 2761 quae
1582 2707 1679 2758 apud

170 2792 316 2828 ceteros
337 2787 541 2826 Orientales
559 2785 768 2824 Catholicos
785 2786 822 2822 in
839 2795 909 2822 usu
928 2788 996 2822 est.
