1987 3132
288 143 340 185 80
723 149 939 182 ALLocurlo
963 150 1010 179 [Ν
1033 147 1365 179 cessassemus

285 250 378 280 nem
404 249 449 279 eo
472 247 639 293 prorsus
664 237 888 291 spectasse,
909 236 952 275 ut
974 230 1290 275 Ecclesiasticae
1313 229 1606 280 immunitates,
1633 240 1735 286 quae
1758 228 1800 271 in

284 312 445 356 Ditione
469 311 535 354 illa
559 323 607 353 ex
631 310 837 353 sanctione
861 307 1077 352 Sacrorum
1114 306 1320 350 Canonum
1359 304 1549 349 dluturno
1584 303 1799 348 multorum

285 388 538 433 saeculorum
563 387 738 430 decursu
761 386 993 442 riguerant,
1022 396 1207 441 quaeque
1230 383 1445 426 recentiori
1470 385 1649 438 tempore
1673 382 1802 438 pactis

285 466 510 515 conventis,
539 468 577 507 et
599 462 872 506 Romanorum
895 460 1136 504 Pontificum
1159 459 1431 516 benignitate,
1460 457 1593 515 aliqua
1617 470 1664 500 ex
1690 461 1803 514 parte

283 542 487 584 relaxatae
511 541 682 589 fuerant,
710 539 826 581 novis
850 536 983 581 adhue
1006 550 1051 580 ac
1075 536 1199 580 multo
1222 534 1463 579 arctioribus
1486 533 1684 578 limitibus
1709 547 1799 578 con-

289 620 524 662 [tuerentur.
553 615 684 673 Atque
722 614 817 658 hine
840 627 917 658 non
942 613 1108 657 defuere
1143 614 1184 656 in
1218 612 1452 670 Subalpinis
1477 612 1698 669 provinciis
1733 612 1803 669 qui

285 694 336 738 de
360 693 614 750 indulgentia
652 692 890 736 Decessoris
914 691 1041 734 nostri
1065 703 1112 733 ea
1136 691 1176 733 in
1203 702 1259 741 re,
1298 690 1417 746 quasi
1441 688 1490 732 de
1515 690 1637 732 nimis
1668 687 1804 746 ampla

285 772 547 815 concessione
572 771 840 820 mirarentur;
868 773 906 812 et
928 767 1100 823 Regium
1134 779 1294 824 quoque
1317 763 1566 809 Guberntum
1592 764 1804 809 nonnullos

286 861 412 891 ainnos
436 846 631 891 abstinuit
653 845 704 889 ab
728 844 911 888 eiusdem
935 843 1221 888 Coiix‘entionis
1239 841 1399 898 legibus
1423 844 1464 885 iu
1488 843 1803 885 transmarInum

286 938 405 968 sunm
441 923 651 967 Sardiniae
683 921 868 978 Regnum
893 919 1149 964 inducendis.
1188 919 1273 962 lam
1297 932 1393 962 xero
1416 918 1524 962 idem
1554 917 1806 963 Gubernium

286 1015 391 1045 anno
430 1000 544 1044 1818
580 1012 727 1043 novam
762 1011 785 1041 a
808 996 932 1041 Nobis
958 996 1273 1041 conventionem
1305 994 1540 1053 postulavit,
1580 999 1618 1038 et
1652 995 1717 1039 die
1751 995 1806 1038 14

288 1076 541 1135 Septembris
577 1078 662 1120 eius
699 1075 793 1119 anni
828 1074 982 1130 Regius
1004 1072 1180 1129 Legatus
1214 1072 1365 1128 Legato
1400 1085 1423 1115 a
1452 1070 1577 1114 Nobis
1617 1071 1807 1129 deputato

287 1154 443 1199 lilteras
484 1152 649 1198 tradidit
690 1150 890 1195 eiusmodi
926 1150 1214 1194 Contentionis
1250 1148 1465 1192 formulam
1501 1153 1772 1206 proponentes
1794 1184 1803 1201 .,

289 1232 429 1289 paucis
453 1230 685 1273 distinctam
709 1226 891 1271 articulis
911 1263 919 1280 ‚
946 1239 1047 1284 quos
1072 1226 1322 1282 prooemitlm
1345 1223 1550 1282 quoddam
1573 1223 1681 1267 haud
1704 1224 1805 1268 levis

292 1321 389 1352 saue
412 1306 605 1350 momenti
629 1303 904 1362 praecederet.
949 1301 1131 1346 Perridit
1154 1300 1270 1344 facile
1293 1300 1469 1356 Legatus
1504 1299 1648 1343 Noster
1673 1303 1807 1356 postu-

290 1384 481 1427 lationem
506 1395 568 1433 ea,
596 1393 676 1439 qua
699 1378 992 1436 explicabatur,
1008 1376 1273 1435 amplitudine
1288 1389 1335 1419 ao
1357 1374 1495 1419 verbis
1513 1374 1671 1419 admitti
1694 1388 1809 1433 pror-

291 1472 362 1503 sus
387 1472 465 1502 non
489 1470 630 1515 posse;
661 1458 785 1501 immo
807 1469 881 1500 nee
905 1456 970 1512 agi
990 1457 1030 1498 in
1054 1453 1321 1512 postulatione
1340 1455 1428 1511 ipsa
1451 1452 1501 1496 de
1519 1456 1657 1496 mutua
1675 1451 1811 1510 aliqua

290 1536 553 1580 concessione
590 1532 858 1591 paciscenda;
900 1530 1229 1590 quandfflpiidem
1269 1529 1368 1573 nihil
1403 1531 1444 1573 in
1477 1542 1525 1572 ea
1558 1528 1810 1586 proponeba—

293 1618 369 1663 tur,
398 1613 550 1668 in·quo
574 1609 826 1653 Gubernium
851 1608 991 1659 ullam,
1020 1621 1070 1651 ne
1093 1607 1345 1650 levIssimam
1382 1605 1563 1663 quidem,
1597 1604 1811 1662 obligaue-

290 1701 383 1733 nem
408 1699 505 1742 erga
530 1685 756 1729 Ecclesiam
773 1683 1010 1727 contrahere
1034 1682 1256 1726 videretur.
1280 1681 1418 1739 Itaque
1440 1681 1584 1724 Noster
1606 1681 1715 1724 idem
1738 1681 1812 1725 Le-

290 1768 409 1820 gatus
432 1776 558 1806 novos
597 1762 808 1819 proposuit
832 1759 1024 1804 articulos
1059 1758 1255 1803 Gubernii
1279 1759 1384 1801 votis
1407 1757 1581 1810 meliori,
1621 1770 1701 1815 qua
1723 1757 1811 1801 fieri

288 1854 408 1898 posse
433 1839 605 1889 censuit,
633 1839 789 1880 ratione
813 1840 1122 1887 consentaneos,
1150 1833 1299 1892 quibus
1323 1839 1361 1877 et
1383 1833 1483 1877 altos
1501 1833 1683 1878 adiunxit
1707 1836 1747 1878 in
1770 1834 1812 1878 id

289 1919 535 1973 spectantes,
563 1918 606 1957 ut
630 1912 816 1956 Ecclesia
839 1913 949 1955 omni
974 1924 1075 1968 pene
1099 1909 1232 1954 eirilis
1269 1911 1538 1954 Immuuitatis
1561 1924 1637 1953 usu
1661 1911 1811 1954 caritu—

289 2006 336 2036 ra
375 1991 479 2034 hanc
517 1989 660 2033 saltem
695 1990 892 2032 Iacturam
916 1987 1106 2031 liberiore
1142 1988 1182 2030 in
1219 1986 1387 2044 reliquis
1426 1999 1523 2030 suae
1561 1988 1810 2031 auctoritatis

291 2069 481 2112 exercitio
505 2069 803 2123 compensaret.
832 2063 1067 2107 Dectaraxit
1090 2067 1172 2106 tum
1211 2063 1350 2119 regius
1373 2062 1561 2119 Legatus,
1589 2062 1813 2120 postulatu—

293 2158 381 2188 rnm
407 2157 450 2187 se
473 2156 600 2187 noras
624 2156 646 2185 a
667 2154 741 2185 suo
764 2139 972 2184 Gubernio
996 2141 1302 2188 instructiones,
1330 2142 1372 2182 ut
1395 2138 1510 2195 plene
1533 2137 1583 2181 ad
1607 2139 1812 2195 proposita

294 2219 543 2278 respondere
569 2223 720 2276 posset.
748 2217 990 2273 ignoramus
1015 2215 1204 2273 equidem
1228 2228 1277 2259 an
1302 2215 1588 2258 instruetIones
1611 2213 1701 2257 illae
1733 2214 1814 2257 Ro-

294 2310 399 2341 mam
425 2308 616 2353 umquam
640 2295 904 2345 advenerint;
931 2292 1003 2336 sed
1028 2293 1227 2335 coniicere
1252 2290 1344 2334 lieet
1368 2290 1539 2346 Regium
1560 2289 1813 2334 Gutwrnium

296 2385 381 2416 rem
406 2370 611 2414 distulisse
649 2373 812 2427 propter
835 2369 1069 2411 notissimas
1093 2366 1362 2421 calamitates,
1403 2379 1508 2423 quae
1531 2365 1688 2409 Italiam
1712 2379 1814 2424 pene

296 2450 533 2492 universam
556 2445 729 2489 subinde
765 2444 1009 2497 ass‘lixerunt,
1052 2455 1236 2500 quaeque
1269 2442 1350 2485 ,Nos
1375 2443 1485 2499 ipsos
1518 2455 1541 2485 a
1563 2446 1645 2485 tota
1678 2445 1817 2487 nostra

301 2524 409 2569 civili
443 2523 593 2567 ditione
631 2520 842 2565 discedere
881 2524 1115 2576 coegerunt.
1160 2519 1318 2572 Postea,
1363 2518 1630 2577 tranquillatis
1661 2518 1784 2562 rebus
1804 2553 1813 2572 ,

301 2601 399 2645 dum
422 2614 546 2657 prope
570 2598 780 2656 Neapolim
805 2602 962 2655 tempus
987 2595 1345 2654 praestolaremur,
1372 2609 1451 2654 quo
1475 2598 1514 2639 in
1532 2594 1684 2639 Urbem
1708 2593 1818 2638 redi-

304 2690 349 2721 re
371 2680 642 2735 opportunum
667 2676 782 2728 soret,
810 2688 939 2719 novus
962 2673 1057 2719 illue
1080 2673 1130 2717 ad
1150 2673 1231 2718 Nos
1255 2674 1405 2718 missus
1430 2677 1490 2716 est
1511 2670 1818 2728 {Extraordina-

306 2753 605 2809 1·iusl2egatus‚
643 2754 707 2796 eui
740 2751 976 2796 mandatum
1009 2753 1113 2795 inter
1144 2749 1222 2794 alia
1245 2753 1344 2801 erat,
1388 2753 1431 2792 ut
1453 2749 1728 2792 internussam
1766 2746 1817 2791 de

308 2828 579 2873 Conventione
602 2830 877 2873 tractationem
896 2831 1110 2885 repeteret.
1131 2827 1319 2872 Attamen
1338 2829 1551 2884 postquam
1568 2823 1617 2868 de
1640 2823 1729 2868 aliis
1745 2836 1817 2869 ne-
