1987 3132
695 64 718 106 9
743 76 970 108 Normmms
996 65 1049 108 18
1062 65 1127 108 46.
1642 68 1666 109 13

151 158 414 216 relIgionem,
443 157 687 216 civilemque
709 159 945 202 sociotatem
969 158 1211 212 convellere,
1238 159 1500 213 labefactare,
1528 162 1667 215 immo,

151 237 186 281 si
210 236 297 279 fieri
329 249 521 294 nmquam
545 240 708 293 posset,
749 235 928 279 funditus
953 241 1137 280 evertere
1163 236 1492 281 commoliuntur.
1530 237 1672 283 Nosci-

149 313 201 357 tis
227 314 364 365 enirn,
404 310 670 356 Venerabiles
695 311 881 362 Fratres,
921 311 995 356 hos
1031 313 1330 357 infensissimos
1367 313 1577 357 christiani
1601 327 1673 359 no-

148 390 271 434 minis
296 389 457 442 hostes,
494 401 614 432 caeco
637 387 812 446 quodam
836 390 1077 432 insanientis*
1102 390 1321 446 impietatis
1348 391 1499 447 impetu
1525 392 1673 435 misere

149 472 309 523 raptos,
344 477 390 508 co
413 464 605 521 opinandi
631 466 856 508 temeritate
882 465 1101 522 progredi,
1137 471 1179 509 ut
1205 466 1386 510 inaudita
1412 480 1578 523 prorsus
1602 480 1673 510 au-

149 541 264 586 dacia
298 540 529 599 aperientes
553 554 596 584 os
619 554 733 584 suum
758 540 797 583 in
825 540 1100 599 Idasplzemias
1123 541 1178 584 ad
1202 542 1332 585 Deum
1362 542 1405 595 1,
1444 543 1575 600 palam
1602 556 1673 600 pu-

147 618 332 676 bliCeque
357 617 528 661 edocere
551 631 633 661 non
657 617 926 669 erubescant,
955 621 1230 662 commentiIIa
1254 633 1365 670 esse,
1402 624 1439 663 et
1464 619 1674 663 hominum

145 695 311 739 inventa
348 698 610 738 sacrosancta
646 699 809 737 nostrae
832 693 1044 750 religionis
1080 696 1301 753 mysterIa,
1341 695 1562 739 catholicae
1592 695 1674 740 Ec-

146 770 295 816 clesiae
330 771 558 814 doctrinam
594 769 796 813 humanae
820 771 1026 814 societatis
1064 770 1167 814 bono
1204 776 1241 815 et
1277 771 1502 815 commodis
1526 772 1674 816 adver-

145 848 253 898 sari,
293 861 339 890 ae
362 846 424 890 rel
450 848 585 904 ipsum
610 846 814 890 Christum
847 851 884 889 et
915 845 1048 890 Deum
1084 848 1247 890 eiurare
1282 860 1361 891 non
1387 849 1667 892 extimescant.

144 922 198 968 Et
220 937 298 981 quo
324 924 478 967 facilius
504 922 661 981 populls
687 922 880 977 illudant,
910 927 1031 981 atque
1055 924 1243 967 incautos
1270 926 1513 981 praesertim
1537 929 1575 968 et
1597 926 1674 968 im-

143 1001 295 1058 peritos
319 1000 548 1058 decipiant,
584 1004 620 1043 et
656 1001 696 1043 in
721 1013 881 1043 errores
918 1012 1058 1043 seeum
1084 999 1314 1056 abripiant,
1350 1001 1430 1044 sibi
1464 1002 1555 1044 unis
1579 1014 1673 1058 pro-

143 1079 352 1134 speritatis
375 1078 463 1120 rias
486 1081 602 1120 notas
626 1089 717 1120 esse
741 1077 1122 1128 commimscuntur,
1150 1077 1309 1134 sibique
1335 1077 1671 1134 philosophorum

144 1165 292 1199 nomen
318 1166 512 1210 arrogare
546 1166 624 1197 non
649 1151 864 1203 dubitant,
904 1152 1072 1209 perinde
1100 1154 1214 1210 quasi
1241 1152 1525 1210 philosophia,
1565 1166 1671 1211 quae

144 1232 227 1274 tota
260 1231 300 1273 in
332 1234 499 1274 naturae
531 1230 703 1272 veritate
738 1229 1025 1285 investiganda
1048 1234 1259 1280 versatur,
1298 1242 1344 1272 ea
1374 1242 1568 1287 respuere
1600 1229 1671 1273 de-

146 1304 255 1358 beat,
283 1319 387 1363 quae
410 1319 626 1363 supremus
651 1310 689 1348 et
712 1304 1057 1348 clementissimus
1081 1307 1169 1362 ipse
1193 1307 1314 1349 totius
1339 1310 1506 1349 naturae
1530 1310 1669 1350 auctor

144 1380 256 1426 Deus
293 1381 489 1439 singulari
518 1380 716 1426 beneficio
746 1386 785 1425 et
817 1380 1101 1424 misericordie}
1136 1381 1369 1426 hominihus
1408 1383 1668 1426 manifestare

144 1462 207 1502 est
231 1458 446 1515 dignatus,
485 1464 529 1502 ut
559 1471 697 1502 reram
728 1459 804 1515 ipsi
841 1458 1075 1502 felicitatem
1111 1463 1150 1502 et
1180 1458 1354 1502 salutem
1380 1463 1663 1516 assequantur.

144 1532 251 1580 Hinc
276 1539 535 1592 praepostero
562 1548 659 1578 sane
683 1539 720 1577 et
746 1534 1009 1578 fallacissimo
1032 1535 1346 1592 argumentandi
1371 1548 1522 1591 genere
1551 1549 1668 1579 num·

144 1623 264 1670 quam
299 1611 488 1655 (lesinunt
512 1611 714 1654 humanae
735 1612 902 1654 rationiS
935 1612 1019 1655 rim
1055 1616 1091 1655 et
1126 1611 1408 1656 excellentiam
1433 1612 1664 1670 appellare,

145 1689 336 1733 extollere
372 1693 510 1733 eontra
544 1689 847 1732 sanctissimam
871 1687 1024 1732 Christi
1048 1689 1200 1741 fidem,
1239 1693 1359 1746 atque
1395 1689 1668 1734 audacissime

143 1763 374 1816 blaterant,
413 1778 501 1809 eam
534 1764 736 1809 humanae
771 1765 969 1821 refragari
1005 1766 1165 1808 rationi.
1205 1764 1295 1817 Quo
1325 1769 1435 1809 certe
1468 1765 1566 1808 nihil
1598 1765 1668 1810 de-

143 1843 342 1892 mentitts,
369 1841 469 1885 nihil
495 1842 628 1898 magis
651 1842 843 1897 impium,
871 1840 969 1884 nihil
995 1846 1133 1884 contra
1157 1843 1288 1898 ipsam
1314 1843 1512 1884 rationem
1538 1843 1668 1899 magIs

145 1929 381 1974 repugnans
405 1918 530 1974 fingi,
564 1916 626 1961 vel
654 1918 874 1974 excogItari
899 1922 1047 1974 potest.
1086 1917 1177 1961 Etsi
1203 1919 1312 1961 enim
1337 1918 1439 1961 fides
1463 1920 1515 1962 sit
1544 1932 1668 1976 supra

144 1994 366 2044 radonem,
394 1992 503 2037 nulla
528 1998 661 2038 tamen
686 2006 784 2037 vera
808 1993 1037 2046 dissensio,
1062 1993 1300 2052 nullumque
1323 1994 1540 2038 dissidium
1564 1996 1669 2039 inter

143 2069 257 2128 ipsas
280 2071 453 2114 inveniri
476 2083 670 2129 umquam
694 2075 851 2128 potest,
879 2083 972 2115 cum
996 2070 1141 2115 anibae
1165 2070 1217 2115 ah
1239 2084 1320 2115 uno
1343 2071 1568 2129 eodemque
1591 2073 1669 2116 im-

144 2146 353 2191 mutabilis
384 2151 655 2205 aeternaeque
677 2148 860 2191 veritatis
891 2147 1000 2191 fonte
1032 2146 1116 2191 Deo
1140 2146 1305 2205 OptImo
1328 2147 1505 2192 Maximo
1534 2149 1669 2193 orian-

145 2226 232 2275 tur,
271 2229 390 2281 atque
414 2225 468 2268 ita
490 2223 570 2268 sibi
603 2231 786 2268 mutuam
809 2237 926 2282 opem
953 2225 1108 2276 ferant,
1147 2229 1190 2268 ut
1214 2229 1325 2269 recta
1348 2226 1451 2269 ratio
1480 2224 1574 2270 fidei
1597 2238 1669 2270 ve-

145 2299 306 2345 ritatem
340 2299 613 2351 demonstret,
654 2305 832 2353 tueatur,
873 2301 1090 2354 defendat;
1130 2302 1232 2346 fides
1255 2315 1352 2346 vero
1383 2303 1580 2346 rationem
1615 2301 1666 2347 ab

148 2374 336 2421 omnibus
361 2376 567 2421 erroribus
601 2376 770 2428 liberet,
810 2391 982 2437 eamque
1006 2379 1237 2423 divinarum
1262 2392 1400 2423 rerum
1436 2380 1664 2435 cognitione

144 2452 319 2496 mirilico
342 2452 539 2505 illustret,
579 2455 790 2499 confirmet
823 2460 942 2514 atque
973 2457 1172 2514 perficiat.
1212 2456 1351 2514 Neque
1374 2457 1522 2500 minori
1556 2459 1665 2499 certe

146 2529 332 2582 fallacia,
370 2529 632 2575 Venerabiles
667 2531 858 2585 Fratres,
901 2535 969 2577 isti
1007 2533 1172 2578 divinae
1211 2534 1470 2578 revelationiS
1508 2533 1664 2577 inimici

146 2604 370 2651 humanum
394 2620 659 2665 progressum
683 2611 855 2653 summis
877 2609 1068 2655 laudibus
1093 2611 1330 2661 efferentes,
1359 2611 1399 2653 in
1423 2608 1663 2654 catholicam

205 2771 226 2809 1
253 2772 475 2820 Apocalyps.
502 2772 600 2809 XIII.
621 2772 655 2810 6.
