1987 3132
283 84 295 126 l
652 95 839 126 EPISTOLA
864 94 1084 125 ENOECLICA
1107 95 1181 131 Ql'l
1208 95 1425 124 I'LI'RIBI'S

276 177 505 221 Ecclesiam
543 176 768 219 intirmiora
803 174 1024 219 identidem
1060 174 1254 230 adhibet,
1297 189 1376 234 quo
1415 175 1547 232 magis
1585 177 1799 234 magIsque

275 267 413 297 omnes
438 256 683 308 cognoscant
718 250 847 295 Deum
877 253 1013 309 ipsum
1036 265 1152 303 esse,
1191 254 1258 310 qui
1298 251 1529 296 Ecclesiam
1564 252 1798 298 admirabili

271 343 346 374 sua
371 329 624 386 proxidentia
648 327 873 383 gubernat,
901 332 1023 385 atque
1047 332 1192 371 tuetur.
1229 327 1303 371 llla
1327 329 1447 372 etiam
1473 327 1692 372 consolatio
1714 328 1796 374 Nos

273 405 535 450 vehementer
558 409 784 456 sustentat,
824 403 930 462 quod
965 406 1005 448 in
1030 406 1256 448 animarum
1282 404 1412 448 salute
1436 405 1695 463 procuranda
1718 404 1799 450 Vos

272 484 406 526 socios
431 487 469 525 et
492 482 697 525 adiutores
720 479 971 533 habeamus,
1000 480 1264 524 'venerabiles
1289 481 1479 533 Fratres,
1521 483 1591 540 qui
1625 484 1664 524 Iu
1689 480 1801 528 solli-

275 558 465 602 citudinis
488 557 657 601 Nostrae
682 563 836 615 partem
862 559 1019 609 vocati,
1048 559 1156 601 omni
1180 571 1277 602 eura
1302 562 1340 602 et
1363 558 1500 602 studIO
1524 559 1801 602 lninistermm

273 640 456 679 vestrum
488 633 681 690 implere,
719 647 765 677 ae
798 633 947 677 bouum
971 639 1175 677 certamen
1214 639 1371 678 certare
1394 634 1653 678 contenditis.
1694 633 1801 679 Hine

273 710 344 755 ubi
369 712 542 768 prunum
567 712 607 753 in
633 710 797 753 sublimi
822 710 898 753 liae
922 710 1119 767 Principis
1143 709 1431 767 Apostolorum
1454 709 1679 763 Cathedra,
1707 710 1800 756 litet

274 789 559 838 immerentes,
598 787 781 830 collocati
806 788 846 830 in
872 800 1045 844 persona
1069 786 1179 830 Beati
1204 787 1311 830 Petri
1336 787 1626 843 gravissimum
1652 800 1799 832 munus

275 862 326 906 ab
350 865 437 920 ipso
460 868 623 906 aeterno
656 863 866 907 Pastorum
892 863 1081 920 Principe
1118 863 1314 907 divinitus
1348 864 1542 907 tributum
1566 865 1800 921 accepimus

275 942 468 997 pascendi
504 954 551 984 ao
575 940 744 997 regendi
779 954 858 984 non
881 940 1011 984 solum
1036 953 1191 996 agnos,
1231 941 1468 984 universum
1492 939 1646 984 scilieet
1683 939 1802 985 Chri-

274 1018 451 1060 stIanum
488 1016 706 1074 populum,
746 1019 1034 1061 verumetiam
1074 1030 1197 1068 oves,
1237 1016 1313 1060 hoe
1338 1021 1397 1060 est
1421 1016 1659 1069 Antistites,
1699 1017 1801 1062 nihil

275 1098 384 1137 certe
407 1093 533 1136 Nobis
559 1096 717 1150 potius,
750 1093 847 1136 nihil
873 1092 1091 1151 optabilius
1115 1094 1212 1143 suit,
1240 1106 1362 1150 quam
1386 1098 1428 1137 ut
1452 1094 1591 1137 intimo
1617 1095 1798 1140 caritatis

276 1170 419 1213 affectu
445 1169 523 1213 Vos
546 1183 686 1213 omnes
721 1168 1036 1227 alloquerenuu·.
1079 1168 1354 1222 Quamobrem
1380 1170 1447 1212 rix
1482 1169 1580 1213 dum
1615 1184 1662 1214 ex
1687 1183 1801 1216 more

273 1247 538 1303 iustitutoquo
573 1245 843 1290 Decessorun]
869 1246 1108 1290 Nostrorum
1144 1247 1183 1289 in
1208 1245 1355 1289 Nostra
1390 1245 1651 1290 Lateranensi
1685 1246 1800 1293 Basi-

272 1321 353 1366 lica
375 1322 530 1366 Summi
556 1321 818 1366 Pontitieatus
843 1323 1144 1379 possessionem
1169 1322 1450 1379 suscepimuS,
1485 1322 1597 1366 nulla
1621 1324 1801 1381 interpo-

274 1400 350 1443 sita
374 1412 487 1442 mora
519 1398 593 1442 has
621 1398 673 1442 ad
701 1399 777 1443 l'os
802 1398 975 1442 Litteras
1000 1398 1145 1442 damus
1162 1434 1171 1451 ,
1205 1403 1247 1442 ut
1271 1400 1463 1442 eximiam
1486 1403 1665 1442 vesu-am
1690 1401 1801 1447 exci-

275 1479 406 1518 temus
443 1477 661 1532 pietatem,
699 1488 777 1533 quo
811 1476 966 1518 maiore
1001 1487 1129 1532 usque
1162 1473 1392 1527 alacritate,
1430 1474 1665 1531 vigilantia,
1705 1488 1802 1521 con-

276 1553 452 1595 tentIone
487 1551 762 1596 custodifflites
787 1552 952 1607 x-igilias
976 1552 1105 1594 noct1s
1143 1564 1266 1607 super
1291 1563 1463 1607 gregem
1491 1563 1613 1595 curae
1637 1556 1800 1597 vesu-ae

273 1630 564 1679 commissum,
603 1633 724 1686 atque
757 1627 978 1684 episcopali
1009 1626 1155 1670 robore
1188 1631 1226 1670 et
1257 1629 1485 1671 constantIa
1518 1628 1717 1673 adversus
1743 1634 1800 1673 te-

273 1707 483 1749 terrimum
508 1704 673 1748 humani
698 1705 861 1760 generis
886 1703 1045 1747 hostem
1069 1703 1338 1755 dimiCantes‚
1370 1703 1497 1748 veluti
1529 1703 1625 1748 boni
1649 1704 1799 1751 milites

271 1779 421 1826 Christi
446 1781 563 1833 Iesu,
598 1785 763 1824 strenue
786 1782 1000 1838 opponatis
1024 1793 1185 1823 murum
1210 1794 1282 1837 pro
1306 1779 1434 1824 Domo
1459 1779 1601 1824 Israel.

328 1857 541 1901 Nenuuem
566 1861 748 1900 restrum
786 1856 911 1909 latet,
949 1855 1214 1900 Venerabiles
1239 1856 1428 1910 Fratres,
1468 1855 1544 1900 hae
1566 1861 1705 1901 nostra
1728 1856 1800 1903 de-

269 1932 467 1991 ploranda
496 1937 627 1976 aetate
651 1934 896 1976 acerrimum
934 1945 981 1976 ae
1018 1932 1444 1977 formidolosissimum
1469 1935 1607 1976 contra
1630 1931 1800 1978 catholi-

271 2022 359 2054 cam
384 2023 470 2053 rem
495 2010 731 2052 universam
766 2008 918 2052 bellum
952 2007 1004 2052 ab
1028 2010 1078 2052 iis
1103 2008 1337 2053 hominibus
1362 2009 1553 2060 conflari,
1592 2010 1662 2066 qui
1686 2009 1799 2054 nesa-

269 2087 332 2131 ria
358 2088 462 2130 inter
485 2099 530 2129 se
552 2087 746 2129 sommam
770 2087 974 2129 coniuncti
999 2098 1143 2128 sanam
1167 2099 1245 2129 non
1270 2087 1518 2129 sustinentes
1543 2084 1794 2138 doctrinam,

270 2171 391 2220 atque
422 2176 446 2205 a
469 2164 637 2206 veritate
671 2161 854 2206 auditum
884 2166 1139 2214 avertentes,
1180 2163 1397 2219 omnigena
1429 2162 1667 2219 opiiiionum
1703 2175 1798 2219 por-

271 2244 381 2283 tenta
414 2252 436 2282 e
467 2238 643 2282 tenebris
678 2252 846 2291 eruere,
887 2252 1017 2297 eaque
1053 2240 1146 2283 totis
1168 2238 1327 2283 xiribus
1357 2251 1635 2296 exaggerare,
1674 2243 1796 2298 atque

269 2317 312 2362 in
336 2315 484 2372 wulgus
520 2315 690 2373 prodere
714 2320 753 2360 et
776 2315 1049 2359 disseminare
1079 2316 1344 2360 contendunt.
1384 2314 1671 2360 Horreseimus
1705 2316 1797 2374 qui-

271 2391 365 2437 dem
387 2394 542 2444 animo,
582 2398 622 2436 et
643 2392 911 2437 aeerb1ssimo
936 2392 1075 2437 dolore
1107 2393 1371 2446 conficimur,
1407 2407 1500 2438 eum
1525 2395 1659 2438 omnia
1685 2406 1798 2438 erro-

270 2482 361 2514 rum
392 2474 595 2521 monstra,
636 2474 675 2513 et
700 2471 832 2513 varlas
867 2469 1195 2528 multiplicesque
1225 2470 1398 2515 nocendi
1420 2474 1554 2523 artes,
1594 2469 1790 2523 Insidias,

270 2545 592 2592 machinationes
628 2550 761 2590 mente
797 2548 1096 2603 recogitamus,
1136 2547 1285 2606 quibus
1322 2547 1364 2592 hi
1400 2549 1581 2593 veritatiS
1617 2551 1655 2590 et
1690 2545 1793 2591 lucis

273 2635 436 2674 osores,
476 2627 515 2665 et
549 2624 784 2680 peritissimi
819 2623 975 2667 fraudis
1006 2625 1184 2668 artifices
1221 2638 1341 2669 omne
1365 2627 1550 2684 pietatis,
1589 2624 1789 2679 iustitiae,

272 2698 495 2742 honestatis
530 2698 710 2743 studium
746 2701 785 2744 ln
817 2701 999 2744 emulum
1034 2703 1181 2746 animis
1218 2705 1496 2760 restinguere,
1535 2713 1669 2745 mores
1704 2712 1794 2745 cor-

276 2786 483 2845 rugnpere,
519 2776 607 2821 iura
629 2789 813 2836 quaeque
835 2777 972 2824 divina
996 2783 1035 2824 et
1056 2778 1235 2825 humana
1258 2779 1522 2839 perturbare,
1549 2776 1793 2823 catholicam
