1987 3132
510 91 748 124 PRAECIPUOS
772 91 949 123 NOSTRAE
972 92 1136 124 AETATIS
1161 95 1338 126 ERRORES
1613 91 1658 127 XI

819 257 867 319 53·
908 258 965 304 11.

560 422 913 470 Ηαίίοηαῖιζςηιηδ
948 422 1214 471 moderatus.

206 589 324 637 Vlll.
366 588 517 648 Quum
554 590 663 637 ratio
708 590 905 636 hiunana
941 590 1024 649 ipsi
1061 588 1269 647 religioni
1304 591 1640 651 aequiparetur,

141 673 304 719 iccirco
357 672 629 731 theologicae
673 671 937 732 disciplinae
983 672 1170 732 perinde
1213 685 1265 718 ac
1310 673 1646 734 philosophicae

142 755 399 802 tractandae
435 760 553 802 sunt.

217 837 337 873 Alloc.
358 836 549 883 Singulari
567 836 723 883 (stradam
737 836 884 882 perfusi
903 837 923 872 ¹.»
943 835 1153 872 decembris
1174 835 1265 872 1851
1284 837 1386 884 (pass.
1407 836 1504 882 1211.)

206 920 279 967 lx.
321 918 484 967 Omnia
509 919 898 966 indiscriminatim
936 920 1146 978 dogmata
1182 920 1415 979 religionis
1444 921 1647 967 christia-

140 1016 223 1050 nae
258 1008 361 1050 sunt
402 1003 624 1049 obiectum
672 1001 887 1048 naturalis
928 1002 1139 1049 scientiae
1180 1016 1260 1049 seu
1303 1002 1636 1064 philosophiae;

139 1089 180 1132 et
215 1086 409 1132 humana
445 1086 555 1132 ratio
590 1085 799 1131 historice
846 1088 1016 1131 tantum
1053 1084 1229 1131 exculta
1274 1089 1416 1145 petest
1459 1099 1515 1131 ex
1550 1085 1644 1131 suis

138 1168 418 1215 naturalibus
457 1169 630 1215 riribus
679 1173 720 1215 et
763 1168 995 1229 principiis
1037 1167 1093 1214 ad
1138 1181 1291 1215 veram
1334 1167 1389 1214 de
1433 1168 1644 1215 omnibus

140 1234 271 1298 etiam
330 1251 705 1298 reconditiorilms
756 1251 1039 1311 dogmatibus
1091 1251 1322 1297 scientiam
1375 1252 1637 1312 pervenire,

137 1334 271 1381 modo
306 1334 415 1380 haec
450 1333 657 1393 dogmata
691 1334 776 1395 ipsi
812 1333 973 1380 rationi
1010 1337 1237 1394 tamquam
1279 1332 1502 1380 obiectum
1538 1346 1641 1394 pro-

138 1416 283 1476 posita
318 1416 497 1462 suerint.

214 1497 329 1542 Epist.
348 1497 393 1533 ad
412 1497 583 1543 Arc-hiep.
603 1496 760 1543 Frising.
777 1496 1019 1533 Gravissimum
1037 1496 1079 1532 11
1102 1496 1310 1532 decembris
1325 1496 1416 1532 1862
1436 1495 1646 1543 (paffiffltt.)

212 1561 330 1608 Epist.
349 1561 395 1597 ad
415 1560 583 1597 cumdem
607 1560 698 1598 Tuus
719 1560 869 1596 libenter
886 1561 928 1597 21
954 1560 1165 1597 decembris
1181 1560 1272 1597 1863
1295 1560 1394 1608 (paq.
1415 1560 1511 1605 212.)

200 1644 253 1692 X.
294 1644 445 1703 Quum
479 1645 601 1692 aliud
636 1646 691 1692 sit
717 1645 1024 1707 philosophus⁷
1064 1645 1187 1692 aliud
1223 1644 1520 1707 philosophia,
1561 1644 1637 1692 ille

134 1727 204 1774 ius
239 1733 280 1775 et
305 1728 498 1775 officium
532 1729 665 1775 habet
700 1742 745 1775 se
772 1727 1061 1775 submittendi
1095 1728 1362 1785 auctoritati,
1402 1741 1537 1789 quam
1561 1740 1636 1775 ve-

136 1824 232 1857 ram
268 1813 362 1871 ipse
397 1812 676 1872 probaverim
717 1816 760 1857 at
794 1810 1080 1872 philosophia
1115 1823 1261 1870 neque
1285 1813 1450 1871 potest,
1491 1823 1638 1872 neque

137 1892 270 1940 debet
305 1893 385 1940 ulli
421 1908 518 1941 sese
553 1894 813 1940 submittere
849 1893 1116 1940 auctoritati.

213 1975 332 2021 Epist.
352 1974 397 2011 ad
416 1975 586 2021 Archiep.
604 1974 761 2021 Frising.
778 1974 1017 2010 Gravissimae
1032 1973 1073 2009 11
1089 1972 1300 2010 decembris
1316 1972 1407 2009 1862
1427 1973 1528 2021 (paq.
1546 1973 1642 2019 2193

212 2039 327 2086 Epist.
348 2040 394 2075 ad
414 2040 585 2076 cumdem
606 2038 700 2077 Tuas
720 2039 872 2075 libenter
890 2038 932 2074 21,
955 2038 1164 2075 decembris
1184 2038 1274 2074 1863
1297 2039 1396 2085 (pay.
1416 2037 1512 2084 212.)

201 2123 276 2171 XI.
315 2124 512 2172 Ecclesia
536 2138 624 2172 non
659 2124 804 2171 solum
829 2137 919 2171 non
955 2123 1087 2170 debet
1122 2124 1167 2169 in
1193 2121 1522 2184 philosophiam
1557 2137 1640 2169 un-

135 2221 270 2267 quam
306 2207 684 2265 animadrertere,
732 2221 889 2254 verum
925 2207 1058 2254 etiam
1094 2205 1226 2253 debet
1262 2206 1403 2266 ipsius
1449 2205 1641 2267 philoso-

137 2288 268 2348 phiae
303 2288 491 2336 tolerare
526 2303 702 2337 errores
737 2290 871 2350 eique
918 2288 1202 2350 relinquere,
1239 2292 1288 2334 ut
1333 2288 1429 2350 ipsa
1462 2302 1511 2335 se
1545 2302 1641 2336 cor-

138 2371 269 2431 rigat.

213 2452 329 2499 Epist.
349 2452 396 2488 ad
413 2452 585 2500 Archicp.
600 2453 759 2501 Frising.
775 2453 1016 2490 Gravissimas
1035 2452 1077 2489 11
1099 2451 1310 2489 decembris
1324 2451 1416 2488 1862
1432 2451 1534 2499 (paq.
1550 2451 1649 2499 219.)

199 2535 298 2585 XII.
338 2535 617 2598 Apostolicae
641 2536 794 2595 Sedis,
825 2550 1202 2599 romanarumque
1227 2534 1635 2596 Congregationum

144 2618 323 2667 decreta
354 2618 548 2667 liberum
585 2620 792 2667 scientiae
827 2634 1116 2682 progressum
1152 2619 1418 2680 impediunt.

218 2700 334 2748 Epist.
355 2700 401 2737 ad
419 2700 591 2747 Archiep.
610 2699 767 2748 Fris-ing.
793 2700 885 2738 Tuas
908 2700 1060 2737 libenter
1077 2700 1121 2736 21
1144 2699 1227 2736 dec.
1249 2698 1341 2735 1863
1365 2698 1463 2745 (pay.
1484 2697 1578 2743 212.)
