1987 3132
683 77 736 121 17
762 90 901 121 ,uAnru
926 77 1055 121 18:56.
1545 77 1630 121 147

111 192 175 231 su,
218 175 445 233 eademque
482 173 697 224 sententia,
738 175 781 216 ut
817 184 913 215 cnm
947 171 1133 216 dicantur
1165 185 1297 225 nove,
1333 185 1412 217 non
1444 171 1634 218 dicantur

112 267 221 300 nova
250 253 282 296 ¹.

169 331 383 374 Neminem
407 328 597 373 Vestrum
631 326 774 370 mirari
802 324 1074 378 areranmr,
1101 325 1246 370 Dilecli
1291 325 1381 370 Filii
1404 326 1554 379 Nostri,
1583 340 1632 371 ac

116 406 379 453 Vener-ubiles
412 404 589 455 Fratres,
628 404 664 446 si
698 416 769 460 pro
792 402 938 447 Nostro
963 403 1059 446 fidei
1084 404 1261 460 primatu
1290 407 1328 447 et
1353 404 1585 461 principatu
1610 404 1633 440 2

115 484 166 530 de
191 482 502 528 lucluosissimis*
537 479 666 531 hisce,
692 492 740 523 ac
762 481 822 523 rei
845 493 937 523 cnm
965 493 1132 533 sacrae,
1172 484 1255 524 [um
1283 479 1471 537 publicae
1496 482 1636 538 perni-

119 561 360 607 ciosissimis
384 556 591 602 erroribus
626 556 759 601 denuo
791 556 946 615 loquuli
981 558 1126 609 simus,
1165 558 1437 614 eximiamque
1460 561 1642 601 veslram

121 636 392 696 episcopalem
428 634 683 692 vigilaniiam
722 633 774 678 ad
808 633 898 678 illos
923 633 1200 691 profligandos
1235 636 1413 678 excitare
1436 635 1644 679 censueri-

121 727 229 758 mus.
261 712 362 758 Cum
386 712 493 756 onim
517 712 707 755 inimicus
732 710 852 755 homo
876 724 956 755 non
980 714 1113 755 cesset
1136 712 1466 768 superseminare
1490 711 1644 754 zizania

120 792 163 836 ln
188 789 319 834 medio
354 789 490 840 trilici,
519 792 603 831 inm
634 787 716 832 Nos
740 789 824 844 qui,
853 787 992 831 divina
1014 788 1254 845 disponenie
1278 786 1554 838 Providentia,
1574 786 1647 830 do-

122 868 273 912 minico
310 878 410 922 agro
440 863 662 909 excolendo
700 877 969 921 praesumus,
1008 868 1130 921 atque
1168 866 1227 908 uli
1262 865 1372 908 servi
1412 862 1581 915 fideles,
1609 867 1648 907 el

125 943 347 1003 prudenles
371 955 494 999 super
516 940 680 985 Domini
715 940 912 985 familiam
944 942 1151 985 consliluli
1174 954 1315 985 sumus
1342 940 1379 993 3,
1406 940 1457 985 ab
1481 941 1532 984 iis
1557 953 1652 997 par-

128 1020 237 1066 tibus
261 1017 471 1076 explendis
504 1016 704 1062 desistere
736 1030 815 1061 non
839 1017 1078 1070 debeamus,
1105 1030 1209 1075 quae
1239 1016 1291 1061 ab
1314 1016 1547 1074 Apostolico
1570 1016 1651 1060 No-

125 1102 210 1143 stro
243 1108 410 1140 munere
438 1095 622 1152 separari
644 1107 722 1138 non
747 1098 931 1151 possunt.

184 1174 300 1218 Nunc
323 1185 419 1216 vero
442 1185 466 1215 a
489 1170 689 1227 singulari
725 1175 861 1216 vestra
885 1172 1034 1228 pietate
1064 1175 1102 1215 et
1125 1169 1344 1228 prudentia
1368 1171 1648 1228 exposcimus,

128 1256 173 1296 ul
194 1252 235 1295 in
259 1249 334 1293 hoc
359 1261 583 1305 congressu
607 1261 655 1292 ea
678 1249 937 1306 potissimum
971 1249 1076 1292 inter
1098 1247 1179 1291 Yos
1204 1247 1373 1291 consilia
1397 1246 1567 1305 provide
1586 1260 1654 1291 sa—

129 1329 369 1387 pienterque
407 1326 511 1370 inire
555 1324 782 1376 sludealis‚
825 1337 929 1383 quae
963 1325 1005 1368 in
1045 1323 1291 1380 amplissimi
1330 1326 1448 1368 istius
1487 1324 1653 1381 Imperii

115 1402 370 1460 ,regionibus
400 1401 451 1445 ad
481 1401 676 1445 maiorem
713 1400 789 1444 Dei
823 1399 998 1457 gloriam
1040 1400 1391 1458 promovendam,
1428 1413 1477 1445 ac
1499 1402 1653 1458 sempi-

131 1483 287 1523 ternam
322 1478 531 1522 hominum
560 1476 732 1521 salutem
763 1476 1063 1534 procurandam
1094 1476 1321 1521 conducere
1356 1478 1654 1521 exislimaveri-

133 1556 200 1600 tls.
227 1554 317 1599 Etsi
340 1556 450 1598 enim
486 1553 748 1598 vehementer
779 1554 821 1598 in
851 1553 1026 1598 Domino
1061 1554 1282 1606 laetamur,
1321 1567 1415 1598 cum
1437 1567 1655 1599 noscamus

131 1631 280 1677 multos
299 1633 474 1676 existere
499 1635 583 1675 lum
605 1630 924 1686 ecclesiasticos,
962 1635 1048 1675 tum
1070 1629 1194 1675 laicos
1217 1630 1418 1681 homInes,
1451 1632 1522 1689 qui
1548 1630 1657 1676 cbri-

134 1710 290 1752 slianae
325 1707 421 1752 fidei
455 1711 494 1752 et
535 1707 714 1751 caritatis
753 1707 900 1764 spiritu
938 1708 1106 1763 egregie
1149 1708 1316 1752 animali
1353 1707 1505 1752 bonum
1541 1707 1658 1752 Chri-

135 1784 189 1827 sli
212 1782 440 1827 diffundunt
462 1782 643 1834 odorem,
671 1786 806 1826 tamen
829 1796 911 1827 non
935 1782 1131 1827 mediocri
1153 1784 1354 1828 afficimur
1385 1783 1538 1836 dolore,
1566 1796 1660 1828 cum

136 1859 248 1904 haud
283 1861 549 1916 ignoremus,
592 1861 633 1903 in
657 1857 863 1916 aliquibus
895 1858 993 1903 locis
1031 1859 1245 1904 nonnullos
1268 1873 1315 1904 ex
1341 1859 1456 1905 Clero
1479 1874 1578 1905 suae
1601 1860 1662 1906 di·

138 1938 306 1994 gnitatis
330 1941 369 1981 et
405 1936 527 1980 oflicii
551 1934 697 1980 oblitos
721 1936 888 1979 minime
910 1935 1124 1980 ambulare
1146 1950 1218 1994 pro
1248 1949 1295 1981 ea
1318 1939 1528 1982 vocatione
1546 1973 1556 1992 ,
1584 1950 1663 1996 qua

141 2014 273 2058 vocali
296 2017 417 2065 sunl,
444 2018 483 2057 et
500 2011 770 2056 christIanum
807 2011 1002 2070 populum
1026 2013 1298 2057 sanctissimis
1319 2012 1481 2057 diviiiae
1504 2019 1665 2058 nostrae

139 2088 352 2146 religionis
392 2087 745 2146 praeceptionibus
771 2101 915 2146 parum
947 2089 1208 2141 instructum,
1236 2088 1517 2148 gravibusque
1539 2089 1667 2135 obno-

140 2166 253 2210 xiffln
286 2164 478 2223 periculis
512 2178 536 2208 a
559 2165 723 2222 pietaliS
756 2163 964 2223 ope1¹1bus‚
989 2168 1028 2210 et
1063 2164 1418 2210 Sacramenlorum
1441 2167 1667 2225 frequenfia

142 2241 358 2286 infeliciter
395 2240 629 2293 abstinere,
668 2244 790 2299 atque
822 2255 847 2285 a
875 2254 1036 2285 morum
1070 2240 1298 2295 honestate,
1341 2241 1670 2302 christianaeque

146 2318 255 2362 vitae
277 2316 494 2374 disciplina
520 2317 755 2370 deflectere,
783 2322 822 2363 et
844 2317 897 2362 ad
919 2319 1127 2363 interitum
1149 2331 1284 2363 ruere.
1303 2319 1671 2365 Persuasissimum

146 2392 274 2438 Nobis
298 2398 386 2446 est,
412 2393 493 2438 Vos
528 2407 601 2451 pro
625 2399 807 2452 spectata
829 2400 967 2441 vestra
988 2395 1210 2454 episcopali
1233 2395 1504 2442 sollicitudine
1526 2410 1670 2443 omnes

148 2482 290 2523 curas,
333 2470 683 2529 cogitationesque
723 2485 815 2517 esse
838 2471 1079 2527 collaturos,
1105 2477 1148 2518 ut
1171 2478 1488 2519 commemorata
1525 2474 1674 2519 damna

151 2548 316 2592 omnino
341 2546 614 2592 eliminentur.
648 2547 702 2592 Et
730 2550 922 2607 quoniam
956 2551 1109 2608 optime
1130 2551 1273 2603 scitis,
1310 2550 1457 2596 Dilecti
1480 2550 1571 2597 Filii
1593 2551 1675 2596 No·

217 2670 231 2706 1
262 2670 367 2708 Vino.
390 2670 502 2708 Lirin.
522 2670 791 2708 Cormnonitor.

216 2736 237 2772 2
265 2735 301 2772 S.
321 2735 490 2772 Ambros.
513 2734 560 2772 de
586 2734 762 2772 Incarnat.
796 2744 876 2782 cap.
898 2735 931 2773 4.
956 2746 993 2773 n.
1013 2736 1071 2773 32.
1098 2736 1258 2774 Cassian.
1279 2737 1325 2774 de
1341 2737 1520 2776 incarnat.
1542 2738 1606 2776 lib.
1637 2738 1672 2776 3.

158 2807 240 2845 cap.
268 2798 325 2836 12,

194 2861 213 2898 3
256 2863 292 2901 S.
313 2864 484 2904 Ambros.
506 2865 553 2905 de
571 2864 647 2904 fide
664 2864 710 2904 ad
729 2863 900 2903 Gratian.
923 2863 1108 2912 Imperat.
1127 2864 1193 2903 lib.
1216 2865 1252 2904 5.
1272 2866 1309 2904 in
1326 2866 1475 2915 prolog.
