1987 3132
357 107 576 139 ALLoCtTIo
598 108 844 137 mmmm!
867 108 1091 138 cennius
1115 93 1168 137 18
1193 107 1331 138 muru
1355 94 1486 138 1861:
1596 95 1682 140 197

161 191 345 235 omnium
365 189 559 234 foecunda
577 202 724 247 parens
742 194 779 233 et
796 188 929 241 altrix,
951 203 995 233 ac
1015 191 1205 234 vinorum
1230 189 1446 247 expultrix,
1467 194 1506 234 et
1526 191 1684 234 ammo-

162 280 256 311 rum
273 265 497 317 liberatrix,
521 278 723 323 xeraeque
747 264 950 309 felicitatis
975 264 1110 317 index,
1133 265 1359 323 appellatur
1376 265 1599 317 Catholica,
1625 266 1682 310 A-

161 342 378 401 postolica,
400 342 595 386 Romana.
618 340 725 394 Quid
749 346 883 385 autem
906 341 1161 386 sentiendum
1186 342 1235 385 de
1258 343 1324 395 iis,
1346 344 1414 399 qui
1439 347 1551 386 extra
1573 341 1680 386 hanc

163 419 306 463 saluus
331 432 466 463 arcam
489 419 653 469 vivunt,
681 419 762 461 Iam
784 417 884 461 alias
909 417 1210 462 declaravimus
1234 419 1275 462 in
1298 418 1578 462 Consistoriali
1602 418 1679 462 No-

161 501 245 540 stra
269 495 519 539 Allocutione
543 494 623 538 diei
660 495 683 537 9
709 494 949 539 DecembriS
987 496 1080 538 anni
1115 494 1321 539 millesimi
1345 495 1677 552 octingentesimi

160 573 487 631 quinquagesimi
506 572 664 629 quarti,
686 575 804 630 atque
820 570 883 614 hic
903 570 1089 615 eamdem
1115 570 1341 615 doctrinam
1360 572 1669 615 confirmamus.

162 649 247 694 Iam
266 662 361 693 vero
380 648 429 692 ab
448 649 513 697 iis,
534 649 603 706 qui
622 661 695 706 pro
711 648 934 704 Religionis
953 647 1059 691 bono
1079 648 1158 691 Nos·
1177 647 1227 691 ad
1246 647 1466 692 hodIernae
1485 647 1672 693 cirilitati

158 725 367 770 dexteram
388 724 674 782 porrigendam
699 725 891 777 imilant,
912 725 1144 783 quaerimus
1168 729 1304 768 utrum
1322 725 1427 769 facta
1450 723 1545 768 talIa
1568 725 1670 778 sint,

157 815 264 861 quae
279 801 431 847 Chi-Isti
450 801 514 845 hic
532 803 572 844 in
591 802 707 845 terris
726 800 931 844 Viearium
950 799 1002 845 ah
1020 800 1111 857 Ipso
1129 800 1179 844 ad
1199 800 1386 844 caelestis
1404 813 1501 845 suae
1521 800 1672 844 doctri-

158 892 235 924 nae
260 881 473 937 puritatem
497 878 701 930 tuendam,
728 882 848 935 atque
871 877 922 921 ad
946 891 1072 934 agnos
1112 890 1290 935 ovesque
1322 876 1465 921 eadem
1488 876 1672 921 doctrIna

158 955 384 1013 pascendas
408 959 446 998 et
469 953 766 998 confirmandas
786 953 980 998 diviiiitus
1004 956 1262 998 constitutum
1284 955 1439 1011 possint
1458 953 1666 1007 inducere,

157 1036 201 1074 ut
221 1032 311 1074 sino
331 1031 576 1087 gravissimo
600 1031 871 1073 conscientiae
896 1029 1069 1087 piaculo,
1099 1034 1136 1073 et
1153 1031 1331 1073 maximo
1354 1031 1533 1073 omnium
1551 1042 1673 1073 scan-

155 1106 249 1152 dalo
272 1120 317 1151 se
339 1120 431 1151 cum
450 1105 646 1150 hodierna
669 1106 859 1150 civilitate
883 1108 1103 1158 consociet,
1127 1107 1241 1149 culus
1265 1119 1388 1163 opera
1412 1110 1466 1150 tot
1489 1119 1672 1164 nunqam

155 1184 255 1228 satis
279 1182 526 1241 deploranda
548 1183 738 1226 eveniunt
760 1181 894 1234 mala,
922 1186 978 1226 tot
1002 1184 1234 1226 teterrimae
1256 1183 1481 1240 opiniones,
1509 1195 1670 1226 errores

156 1264 197 1305 et
220 1260 419 1318 principIa
441 1259 780 1317 promulgantur,
809 1272 914 1317 quae
937 1258 1158 1303 catholicae
1180 1259 1381 1316 Religioni
1406 1260 1573 1317 eiusque
1597 1258 1672 1304 do-

157 1338 312 1380 ctrinae
335 1337 497 1380 omnino
520 1335 804 1379 adversantur.
832 1335 862 1378 A
873 1340 964 1393 tque
988 1337 1092 1379 inter
1116 1335 1216 1380 haec
1239 1336 1344 1380 facta
1366 1348 1484 1379 nemo
1508 1337 1671 1391 ignorat

155 1412 360 1471 quomodo
382 1411 446 1456 vel
468 1413 583 1470 ipsae
606 1412 806 1456 solemnes
831 1414 1118 1456 conventiones
1141 1413 1245 1456 inter
1268 1411 1373 1456 hanc
1395 1412 1672 1470 Apostolicam

156 1487 307 1531 Sedem
330 1493 367 1531 et
392 1488 540 1546 Regios
564 1488 774 1546 Principes
799 1489 874 1532 rite
898 1490 1021 1532 initae
1056 1489 1216 1546 penitus
1241 1488 1517 1539 destruantur,
1545 1487 1671 1532 veluti

155 1577 287 1622 nuper
308 1564 476 1622 Neapoli
498 1564 659 1609 accidit.
706 1565 795 1618 Qua
819 1565 984 1623 quidem
1007 1565 1058 1609 de
1080 1579 1124 1609 re
1146 1567 1187 1609 in
1211 1564 1286 1609 hoc
1309 1565 1562 1623 amplissimo
1600 1577 1674 1610 ve-

155 1645 241 1686 stro
264 1655 462 1686 consessu
484 1643 606 1686 etlam
628 1645 751 1700 atque
774 1644 896 1686 etiam
919 1643 1144 1700 queriinur,
1171 1640 1434 1686 Venerabiles
1470 1641 1635 1687 Fratres
1658 1677 1668 1696 ‚

155 1722 198 1762 et
219 1732 479 1777 summopere
513 1718 782 1763 reclamamus
807 1732 853 1763 eo
877 1733 1044 1777 prorsus
1068 1719 1215 1772 modo,
1241 1731 1321 1778 quo
1345 1723 1484 1764 contra
1513 1720 1671 1765 similes

156 1807 283 1839 ausus
305 1799 343 1839 et
365 1794 603 1839 riolationes
626 1795 726 1839 abas
749 1796 958 1852 protestati
975 1808 1131 1839 sumus.

219 1871 332 1915 Haec
371 1876 505 1915 autem
536 1870 730 1914 moderna
764 1871 938 1915 civilitas
971 1871 1068 1915 dum
1104 1873 1250 1929 cuique
1285 1871 1508 1916 acatholico
1545 1872 1671 1917 cultui

160 1949 270 1993 favet
292 1984 301 2000 ,
329 1949 520 2006 ipsosque
543 1947 727 1992 infideles
751 1961 774 1991 a
797 1947 969 2006 publicis
1004 1947 1242 1992 munethus
1273 1947 1472 1992 obeundis
1504 1950 1672 1994 minime

159 2023 364 2083 prohibet,
391 2028 430 2068 et
453 2023 671 2068 catholicas
696 2024 855 2068 scholas
879 2024 1038 2069 illorum
1062 2024 1156 2068 tiliis
1181 2024 1367 2077 recludit,
1390 2027 1580 2070 Irascitur
1598 2025 1674 2070 ad-

159 2115 307 2146 versus
331 2101 560 2158 Religiosas
592 2101 809 2154 Familias,
837 2101 1034 2145 advorsus
1064 2101 1250 2146 Instituta
1282 2102 1489 2147 catholicis
1519 2102 1672 2148 scholis

158 2178 421 2223 moderandis
446 2178 624 2230 fundata,
651 2178 846 2223 adversus
865 2178 1184 2237 quamplurimos
1208 2181 1404 2237 cuiusque
1428 2179 1579 2237 gradus
1603 2194 1672 2225 ec-

159 2254 410 2299 clesiasticos
433 2254 554 2300 Viros
576 2255 830 2313 amplissima
853 2257 975 2299 etiam
998 2255 1197 2313 dignitate
1220 2257 1436 2313 insignitos
1457 2293 1465 2309 ,
1497 2270 1672 2315 quorum

158 2344 241 2375 non
266 2332 383 2387 pauci
405 2333 528 2376 vitam
552 2334 592 2376 in
616 2332 734 2376 exilio
758 2333 911 2376 incerto
935 2336 1001 2376 aut
1024 2334 1064 2376 in
1088 2332 1262 2377 vinculiS
1286 2335 1434 2377 misere
1457 2339 1604 2391 agunt,
1632 2337 1672 2378 et

156 2406 360 2452 adversus
384 2409 504 2452 etiam
528 2412 730 2466 spectatos
754 2408 878 2453 laicos
903 2410 1036 2461 viros,
1062 2411 1132 2467 qui
1155 2408 1280 2453 Nobis
1312 2414 1350 2453 et
1373 2410 1466 2454 huic
1499 2410 1671 2454 Sanctae

160 2482 257 2527 Sedi
279 2482 431 2527 addicti
461 2482 682 2540 Religionis
714 2486 975 2543 iustitIaeque
1010 2499 1176 2529 causam
1212 2485 1401 2530 alacriter
1431 2485 1666 2530 defendunt.

160 2557 276 2606 Haec
299 2557 470 2602 civilitas
494 2558 589 2601 dum
613 2559 846 2604 acatholicis
878 2563 1073 2606 institutis
1097 2575 1144 2605 ac
1166 2563 1352 2619 personIs
1382 2561 1568 2606 subsidia
1588 2561 1673 2606 lar—

161 2636 288 2692 gitur,
316 2634 553 2679 catholicam
575 2634 807 2680 Ecclesiam
840 2638 1079 2682 iust1ssimiS
1102 2639 1187 2682 suls
1210 2637 1538 2695 possessionibus
1576 2650 1673 2696 spo-

161 2710 249 2764 liat,
276 2716 315 2755 et
337 2713 473 2755 omnia
496 2710 660 2756 adhibet
683 2712 851 2756 consilia
873 2726 920 2756 ac
947 2713 1081 2757 studia
1104 2713 1155 2757 ad
1180 2712 1401 2757 salutarem
1436 2715 1564 2771 ipsius
1591 2713 1673 2758 Ec-

160 2786 314 2833 clesiae
337 2789 559 2834 efficaciam
582 2788 917 2834 ImmInuendam.
954 2789 1126 2847 Insuper
1148 2789 1246 2834 dum
1268 2803 1430 2835 omnem
1463 2790 1601 2836 tribuit
1623 2790 1676 2837 li—
