1987 3132
269 126 325 170 {iii
567 137 754 168 rrls’sem
779 136 995 167 [Nerones
1018 137 1170 166 Nosrrs
1194 137 1250 165 ET
1271 136 1494 166 Nomscru

268 219 320 264 de
343 218 493 263 (lirinis
517 217 640 262 rebus
663 217 870 262 Iudicandi
906 216 1070 261 licentia
1087 217 1260 274 {inflatos
1283 215 1508 274 propellant
1531 215 1583 259 ad
1606 228 1788 261 commu-

269 298 336 341 nia
359 298 447 354 ipsa
473 296 589 347 lusti,
617 295 856 352 honestique
879 295 1079 351 principia
1103 295 1142 338 in
1168 294 1338 338 dubium
1361 292 1604 337 revocanda.

329 372 449 416 Absit
473 377 626 424 tamen,
652 370 919 416 Venerabiles
946 371 1123 422 Fratres,
1151 375 1191 415 ut
1215 371 1345 423 ltalia,
1374 384 1421 414 exv
1446 383 1539 428 qua,
1568 369 1618 413 ob
1643 369 1788 413 §edem

269 448 490 507 Apostolici
515 448 740 505 Magisterii
768 447 920 492 Romae
954 449 1238 499 constitutam,
1271 448 1457 491 nationes
1482 446 1585 490 aliae
1608 447 1792 489 incorru-

272 531 363 585 ptos
389 527 579 570 salutaris
599 525 808 570 doctrinae
825 525 966 570 latices
990 525 1154 569 haurire
1173 524 1312 569 solitae
1333 528 1440 575 sunt,
1468 524 1536 567 ssat
1560 522 1638 567 illis
1663 525 1700 566 in
1719 535 1792 580 po-

273 609 428 648 sterum
452 603 555 660 lapis
579 603 812 647 offensionis
837 608 873 646 et
898 607 1013 660 petra
1049 601 1250 654 scanda113
1289 600 1412 652 absit,
1446 605 1487 644 ut
1523 600 1667 644 dilecta
1689 598 1794 643 baec

274 679 511 724 Domiiiicao
537 679 685 723 Vineae
707 692 802 737 pars
832 680 873 722 in
909 678 1179 735 direptionem
1216 676 1332 721 cedat
1363 679 1542 721 omnium
1568 676 1793 720 besdarum

274 756 389 813 agri3
417 755 522 800 absit
547 760 587 800 ut
610 755 700 800 Itali
722 755 880 814 Populi,
907 755 1090 798 renetico
1113 753 1349 811 'Babylonis-i
1379 753 1517 797 calicis
1551 753 1698 797 hausiu
1722 753 1794 797 de-

274 835 457 885 mentati,
486 831 746 890 parricidalia
770 836 908 876 contra
938 835 1109 875 matrem
1140 829 1370 874 Ecclesiam
1401 843 1514 874 arma
1548 831 1789 887 suscipiant.

275 909 402 954 Nobis
420 909 600 968 quidem,
622 911 680 954 uti
704 914 743 954 et
767 908 910 961 Vobis,
934 909 974 952 in
991 907 1091 952 baec
1117 908 1215 951 tanti
1240 907 1410 964 perIculi
1436 911 1614 964 {empora
1638 905 1795 950 occulto

276 985 351 1030 Dei
374 985 525 1030 iudicio
556 988 792 1038 reservatis,
827 984 1054 1029 cavendum
1087 985 1251 1028 omnIno
1286 988 1360 1035 est,
1399 996 1450 1027 ne
1482 982 1646 1026 fraudes
1675 987 1798 1041 atque

277 1064 454 1120 impetus
477 1061 686 1106 hominum
711 1066 849 1105 contra
872 1060 1011 1105 ltaliae
1037 1059 1176 1104 Fidem
1199 1061 1520 1118 conspirantium
1555 1060 1798 1102 extimesca-

277 1152 384 1191 mus,
406 1140 554 1182 nostris
577 1139 694 1196 quasi
720 1137 874 1182 vilibus
898 1136 1177 1194 superandos;
1204 1149 1296 1180 cum
1319 1140 1500 1179 nostrum
1521 1135 1734 1179 consilium
1758 1138 1798 1178 et

278 1214 468 1258 fortitudo
492 1216 543 1258 sit
566 1213 771 1266 CbrIstus,
799 1218 835 1257 et
861 1215 949 1257 sine
973 1226 1050 1271 quo
1076 1212 1172 1256 nibil
1194 1225 1428 1270 possumus,
1451 1214 1673 1269 peripsum
1697 1224 1799 1255 cun-

279 1295 342 1334 cta
366 1293 569 1348 possimus
596 1290 632 1333 1.
671 1290 792 1346 Agite
816 1291 956 1347 igitur,
984 1288 1248 1333 Venerabiles
1272 1288 1451 1339 Fratres,
1479 1287 1700 1344 advigilate
1722 1288 1800 1331 lm-

279 1368 447 1424 pensius
471 1379 593 1423 super
616 1366 817 1411 creditum
841 1378 1028 1422 gregem,
1053 1377 1226 1422 eumque
1249 1378 1272 1408 a
1294 1365 1505 1421 rapacium
1528 1362 1713 1420 luporum
1739 1364 1802 1406 in-

279 1442 397 1487 sidiis
422 1448 460 1487 et
488 1442 824 1500 aggressionibus
856 1443 960 1486 tueri
997 1441 1241 1486 contendito.
1282 1440 1587 1483 Communicate
1622 1441 1802 1484 invicem

280 1521 474 1571 consilia,
502 1521 674 1578 pergite,
702 1524 744 1563 ut
769 1520 851 1563 iam
874 1519 1122 1571 instituistis,
1151 1523 1291 1562 coetus
1316 1516 1468 1561 habere
1492 1518 1595 1560 iuter
1616 1516 1722 1568 Vos,
1755 1520 1801 1560 ut

280 1596 477 1640 malorum
498 1598 639 1648 initiis,
668 1601 706 1640 et
725 1596 957 1654 praecipuis
984 1608 1055 1652 pro
1073 1594 1252 1638 locorum
1272 1594 1507 1637 diversitate
1527 1592 1801 1650 periculorum

280 1671 456 1716 fontibus
475 1673 677 1715 communi
702 1672 1016 1728 inrestigatione
1036 1671 1277 1727 perspectis,
1304 1668 1380 1713 sub
1399 1669 1638 1712 auctoritaie
1661 1681 1707 1711 ac
1725 1667 1802 1712 du-

281 1752 346 1792 ctu
365 1747 537 1792 Sanctae
559 1747 679 1792 buius
698 1747 814 1791 Sedis
840 1748 1087 1804 promptiijira
1111 1745 1190 1789 illis
1211 1744 1393 1789 remedia
1411 1757 1646 1801 comparare
1665 1743 1802 1788 valea-

282 1825 348 1876 tis,
376 1829 496 1881 atque
519 1825 575 1868 ita
596 1837 674 1868 una
691 1823 911 1867 Nobiscum
935 1822 1266 1867 concordissimis
1290 1821 1451 1872 animiS,
1482 1825 1640 1878 totoque
1664 1824 1801 1877 pasto-

280 1900 380 1945 ralis
403 1901 527 1945 studii
552 1900 696 1945 robore
719 1913 838 1944 curas
859 1899 1101 1957 laboresque
1121 1898 1302 1950 Vestros,
1328 1897 1414 1942 Deo
1438 1897 1671 1947 adiurante,
1698 1898 1739 1940 in
1759 1896 1802 1940 id

281 1977 522 2027 conseratis,
549 1981 592 2020 ut
614 1989 754 2020 omnes
776 1975 955 2020 hostium
978 1975 1188 2020 Ecclesiae
1212 1976 1410 2032 impetus,
1443 1978 1574 2027 artes,
1608 1972 1796 2025 insidiae,

281 2052 489 2098 molimina
512 2054 625 2097 Irrita
649 2054 762 2096 fiant.

344 2128 406 2172 Ea
429 2142 525 2173 vero
547 2134 591 2173 ut
612 2130 651 2173 In
675 2129 836 2172 irritum
860 2127 1030 2179 cadant,
1059 2127 1328 2184 satagendum
1353 2127 1515 2170 omnino
1538 2131 1597 2169 est
1617 2162 1624 2178 ‚
1657 2138 1707 2168 ne
1730 2138 1802 2182 po-

285 2204 405 2263 pulus
430 2206 479 2249 de
503 2204 733 2250 CluIstiana
755 2204 963 2258 Doctrina,
1002 2217 1049 2247 ac
1084 2203 1133 2247 ‹le
1166 2203 1273 2260 Lege
1297 2203 1459 2246 Domini
1485 2215 1627 2259 parum
1652 2204 1801 2245 instru-

287 2286 392 2333 ctus,
411 2286 447 2325 et
467 2281 656 2325 diuturna
674 2283 713 2325 in
732 2280 871 2325 multis
890 2281 1163 2337 grassantium
1180 2281 1371 2323 *citiorum
1390 2279 1551 2322 licentia
1570 2277 1798 2331 hebetatus,

288 2362 450 2415 paratas
474 2357 551 2401 sibi
575 2357 770 2412 insidias,
806 2362 843 2401 et
874 2358 1172 2414 propositorum
1199 2368 1383 2399 errorum
1413 2356 1652 2412 pravitatem
1675 2366 1803 2411 agno-

289 2447 403 2478 scere
427 2436 492 2477 vixv
513 2436 653 2491 possit.
681 2434 714 2477 A
732 2433 879 2477 Vestra
896 2435 1020 2490 igitur
1039 2432 1233 2491 pastorali
1253 2431 1524 2476 sollicitudine
1543 2430 1803 2474 xebcmenter

290 2513 561 2569 exposcimus,
579 2510 844 2554 Vener-ubiles
862 2510 1040 2562 Fratres,
1062 2514 1103 2553 ut
1124 2522 1331 2567 nunquam
1350 2510 1623 2552 intermittatIS
1640 2519 1802 2551 omnem

291 2586 486 2631 adbibere
509 2599 688 2644 operam,
716 2599 795 2644 quo
819 2585 963 2630 crediti
982 2585 1108 2629 Vobis
1134 2585 1276 2629 fideles
1300 2586 1558 2629 sanctissima
1579 2583 1802 2639 ReligioniS

290 2668 455 2709 nostrae
487 2663 678 2720 dogmata
712 2675 760 2707 ae
792 2667 1034 2721 praecepta,
1074 2675 1146 2720 pro
1182 2663 1379 2720 cuiusque
1408 2665 1551 2719 captu,
1588 2659 1802 2716 diligenter

356 2826 373 2862 1
396 2826 447 2862 lix
466 2828 502 2863 S.
522 2826 643 2864 Leone
665 2828 799 2874 Magno
816 2827 928 2874 Epist.
950 2827 993 2863 ad
1015 2826 1203 2865 Rusticum
1226 2825 1517 2862 Narbonensem.
