1987 3132
656 99 677 142 1
704 112 774 144 Nox
787 112 928 143 mimus
953 98 1085 142 1850.
1579 98 1631 140 83

117 196 253 241 statim
276 193 342 240 die
365 195 418 239 23
445 196 596 239 mensis
620 193 871 251 Septembris
898 193 1109 237 decretum
1132 197 1208 244 est,
1226 197 1265 236 ut
1286 191 1636 249 ‚trehiepiscepus

118 271 382 317 mandaretur
405 277 518 316 extra
540 272 642 315 tincs
663 270 816 327 Regiae
840 270 1030 322 ditionis,
1053 274 1175 328 atquc
1198 274 1240 313 ut
1263 271 1399 313 onmia
1422 268 1634 326 Archiepi-
1659 256 1661 259 ’

121 354 311 407 scopatus
333 348 439 393 bona
462 351 672 406 sequestro
709 349 996 391 retinerentur.
1037 346 1194 391 Eodem
1219 348 1302 390 sere
1326 350 1536 403 tempore,
1579 344 1645 388 die

122 424 311 468 videlicet
334 424 384 467 21
413 423 594 468 elusdem
618 425 786 476 mensis,
811 422 1003 467 Tribunal
1027 422 1357 480 Appellationum
1382 422 1516 478 Regni
1540 421 1636 465 Sar—

124 500 259 545 diniae
282 500 431 544 similia
453 499 633 544 decrerit
667 504 806 543 contra
828 498 1110 543 Venerabilcm
1136 498 1316 542 Fratrem
1352 497 1637 554 Archiepisco-

125 590 223 635 pum
245 575 544 628 Calaritanum,
571 577 635 619 cui
658 577 818 619 crimini
841 574 978 619 datum
1004 579 1082 628 est,
1110 574 1217 632 quod
1258 573 1521 630 generalibus
1548 585 1639 616 vcr-

126 651 191 697 bis
217 652 391 708 (nullius
415 652 569 696 scilicet
591 664 785 709 expresso
807 653 992 706 nomine)
1019 650 1298 694 declaraverat
1322 649 1529 693 Censuras
1563 647 1641 692 Ec—

128 727 379 773 clesiasticas
402 728 453 772 ab
471 730 521 772 iis
546 729 648 771 sacto
671 729 759 784 ipso
777 732 1020 779 contractas,
1043 728 1111 785 qui
1135 725 1441 784 Episcopalium
1465 724 1640 768 Aedium

125 805 423 849 immunitatem
446 803 632 848 violando
656 808 813 860 partem
837 803 1039 861 quandam
1062 802 1322 860 Episcopalis
1346 801 1554 845 Tabularii
1580 802 1640 844 in-

128 884 237 924 trare
259 894 332 938 per
369 882 453 923 rim
475 882 563 923 ausi
599 880 772 923 fuerant.
810 878 966 922 Horum
1000 880 1127 935 Igitur
1151 878 1419 922 Decretorum
1455 878 1495 920 vi
1519 875 1645 920 iidem

129 955 342 1000 Antistites
365 969 389 999 a
411 956 671 1013 possessione
693 967 741 998 ac
764 956 1049 1011 procuratione
1071 953 1218 998 deiecti
1242 958 1334 997 sunt
1361 951 1645 1010 temporalium

129 1029 329 1076 bonorum
354 1030 637 1088 redituumque
673 1029 725 1074 ad
764 1029 998 1073 Sacerdotia
1033 1043 1107 1073 sua
1139 1031 1458 1086 pertinentium,
1485 1034 1524 1073 et
1547 1028 1648 1072 alter

134 1107 299 1166 quidem
321 1108 361 1151 in
386 1106 556 1162 GalliaS‚
582 1106 682 1151 alter
704 1119 801 1151 vero
825 1108 864 1150 in
883 1106 1072 1150 Nostram
1096 1105 1200 1150 hanc
1224 1105 1382 1150 Almam
1409 1105 1563 1150 Urbem
1581 1117 1650 1148 ve-

132 1187 222 1229 nire
246 1188 425 1229 coactus.

194 1261 345 1305 Verum
369 1261 447 1304 alia
470 1273 631 1318 quoque
655 1265 762 1312 sunt,
789 1273 836 1304 ac
859 1273 936 1304 non
960 1259 1067 1303 levia
1091 1259 1258 1318 quIdem
1278 1294 1286 1311 ,
1327 1272 1431 1317 quae
1464 1259 1651 1317 Subalpi-

136 1349 233 1381 num
253 1335 504 1380 Gubernium
528 1341 667 1380 contra
685 1335 896 1380 Ecclesiae
913 1337 1016 1388 iura,
1044 1335 1108 1378 vel
1127 1337 1166 1378 in
1186 1335 1409 1390 Religi0nis
1433 1334 1655 1379 detrimen—

139 1418 240 1466 tum,
262 1414 401 1457 statuit
418 1426 464 1457 ac
482 1414 625 1470 gessit.
652 1412 762 1457 Inter
786 1426 889 1470 quae
908 1425 986 1456 non
1011 1424 1228 1469 possumus
1252 1424 1330 1455 non
1348 1411 1563 1455 lamentari
1587 1424 1656 1454 ve-

139 1489 350 1534 hementer
373 1489 422 1533 de
446 1491 725 1534 funestissima
747 1489 881 1546 Lege,
909 1502 1031 1546 quam
1055 1488 1149 1532 inde
1172 1502 1196 1531 a
1219 1487 1284 1531 die
1310 1488 1333 1530 4
1358 1486 1551 1533 Octobris
1576 1489 1659 1531 An-

139 1567 183 1612 ni
206 1565 318 1609 1848
336 1578 459 1624 super
483 1565 645 1623 publica
661 1567 928 1617 institutione,
956 1569 994 1608 et
1012 1564 1187 1622 publicis
1213 1566 1464 1621 privatisque
1483 1576 1555 1607 seu
1574 1576 1660 1607 ma—

140 1645 273 1688 iorum
295 1656 367 1687 seu
390 1644 595 1686 minorum
629 1641 937 1698 disprlinarum
967 1640 1118 1685 scholis
1142 1639 1293 1684 editam
1317 1641 1444 1684 fuisse
1467 1641 1661 1697 cognovi-

142 1733 250 1763 mus.
277 1718 421 1762 Totum
456 1717 618 1762 illarum
651 1718 865 1774 regimen,
904 1715 1220 1773 Episcopalibus
1251 1715 1490 1759 SeminariIs
1525 1715 1662 1773 aquua

144 1797 299 1840 ratione
321 1796 526 1851 exceptis,
561 1792 799 1837 attributum
823 1805 870 1836 ea
893 1793 934 1835 in
957 1791 1064 1848 Lege
1087 1790 1260 1835 habetur
1284 1790 1413 1847 Regio
1446 1790 1658 1843 Ministro,

144 1875 264 1928 atque
288 1868 598 1914 auctorItatibus
622 1868 754 1912 eidem
778 1867 981 1920 subditis3
1009 1871 1047 1911 et
1070 1868 1125 1910 ita
1148 1867 1314 1924 quidem
1337 1866 1593 1919 attributum,
1621 1873 1662 1911 ut

144 1948 186 1991 in
208 1945 388 1990 ArtIculo
414 1946 466 1988 58
493 1945 594 2002 legis
617 1944 800 1989 eiusdem
824 1948 1022 1988 statuatur
1046 1956 1092 1987 ac
1116 1942 1368 1996 declaretur,
1403 1943 1557 1987 nullum
1594 1944 1663 1987 alii

147 2025 388 2081 cuicumque
412 2024 641 2066 auctoritati
663 2022 747 2065 fore
771 2023 833 2065 Ius
857 2019 1114 2064 immiscendi
1139 2034 1182 2064 se
1207 2022 1246 2064 in
1266 2020 1482 2077 disciplina
1507 2019 1665 2064 schola—

149 2113 240 2144 rum
263 2134 272 2152 ,
299 2100 340 2143 in
362 2100 561 2155 regiinine
585 2097 812 2142 studiorum
834 2134 843 2151 ‚
870 2099 909 2141 in
936 2096 1138 2154 graduum
1162 2096 1372 2141 collatione
1395 2133 1403 2149 ,
1431 2099 1469 2140 in
1503 2096 1662 2141 delectu

150 2181 216 2220 aut
252 2175 544 2234 approbatione
574 2175 879 2231 Magistrorum.
930 2173 1036 2218 ilinc
1079 2175 1119 2218 in
1159 2172 1369 2218 Catholica
1403 2173 1472 2217 illa
1513 2172 1664 2218 dillone

150 2252 312 2297 scholae
334 2254 532 2310 cuiusque
555 2253 719 2308 generis
742 2287 750 2303 ‚
777 2256 899 2309 atque
922 2250 1022 2295 adeo
1047 2249 1264 2294 cathedrae
1288 2251 1410 2293 etiam
1451 2263 1663 2294 sacrarum

154 2328 476 2386 disciplinarum,
504 2342 677 2386 quarum
700 2342 747 2372 ea
770 2330 810 2371 in
833 2327 940 2384 Lege
963 2328 1113 2371 mendo
1137 2327 1203 2378 fit,
1244 2339 1318 2370 ncc
1341 2340 1420 2370 non
1444 2340 1665 2384 puerorum

152 2407 349 2449 institutio
371 2405 423 2448 ad
445 2404 643 2449 elementa
666 2404 918 2450 Christianae
953 2403 1064 2448 Fidei
1084 2440 1093 2456 ,
1121 2416 1245 2461 quam
1269 2402 1411 2447 eadem
1452 2402 1531 2447 Lex
1556 2404 1663 2446 inter

155 2483 359 2526 minorum
387 2479 782 2537 Ludimagistrorum
817 2480 950 2524 officia
984 2484 1252 2531 annumerat,
1290 2478 1341 2523 ab
1371 2478 1667 2537 Episcoporum

157 2559 398 2602 auctoritate
421 2555 726 2600 subtralumtur.
754 2556 812 2600 Ac
834 2570 884 2600 ne
908 2557 998 2615 quis
1025 2569 1072 2600 ea
1095 2556 1145 2600 de
1168 2568 1212 2599 re
1236 2555 1421 2599 dubitare
1444 2555 1600 2608 valeat,
1627 2555 1667 2597 in

156 2638 379 2678 memorato
402 2632 582 2677 ,articulo
607 2634 685 2689 ipsi
709 2633 831 2676 etiam
852 2632 1085 2677 Directores
1110 2633 1277 2689 spiritus
1302 2632 1407 2675 inter
1438 2644 1506 2674 cos
1531 2643 1670 2673 recen-

159 2715 312 2763 sentur,
341 2711 409 2768 qui
432 2723 455 2753 a
484 2708 613 2765 Regio
637 2708 859 2751 Ministerio
899 2710 985 2752 sive
1008 2707 1059 2752 ab
1083 2705 1390 2751 auctoritatibus
1415 2707 1451 2749 ci
1477 2705 1667 2757 subditis,

162 2786 317 2845 absque
342 2786 421 2831 ullo
443 2785 607 2830 alterius
643 2786 939 2842 cuiuscumque
973 2785 1222 2829 auctoritatis
1260 2784 1514 2837 interuentu,
1547 2783 1671 2840 deligi
