1987 3132
297 113 383 157 118
772 123 990 155 ALLOCt‘TiO
1014 124 1346 155 Acmmssmmt

359 207 404 250 in
428 211 536 251 tanta
558 210 693 250 autem
717 205 940 250 acerbitate
963 206 1044 251 Nos
1069 211 1226 251 recreat
1256 205 1476 263 singularis
1502 210 1584 251 tum
1620 206 1825 265 Bogoten-

299 283 358 327 sis
381 282 705 340 Arebiepiscopi,
733 287 818 327 tum
843 281 1016 326 aliorum
1040 282 1147 327 illius
1170 282 1437 340 Reipublicae
1461 283 1702 328 AntIStituni
1727 284 1828 329 reli-

303 361 369 416 gio
392 394 400 408 ,
427 360 556 416 pietas
581 371 627 402 ae
650 358 916 403 sacerdotalis
941 359 1134 403 fortitudo
1158 364 1195 403 et
1219 361 1462 404 constantia.
1491 360 1573 417 ipsi
1599 363 1705 404 enim
1731 375 1829 419 pro—

301 434 354 479 be
376 448 578 480 memores
602 435 696 487 loci,
725 449 846 494 quem
874 440 1025 488 tenent,
1054 435 1282 494 dignitatis,
1311 450 1392 495 qua
1414 437 1600 492 insigniti
1625 442 1733 488 sunt,
1762 451 1829 482 sa-

304 514 516 559 cramenti,
544 525 623 571 quo
647 514 687 556 in
710 512 884 557 solemni
908 514 1220 570 inauguratione
1243 526 1287 557 se
1311 513 1631 566 obstrinxerunt,
1659 513 1828 559 illustri-

304 588 382 634 bus
406 589 713 647 At‘cliiepiscopi
734 591 922 646 vestigiis
949 591 1184 634 insistentes
1221 592 1401 634 maxima
1425 603 1517 634 cum
1542 603 1683 634 eorum
1706 589 1830 635 laude

306 665 416 710 haud
450 668 756 710 intermiserunt
793 666 1067 724 episcopalem
1090 666 1230 710 tollere
1266 680 1408 710 vocem
1446 672 1589 711 contra
1616 672 1666 711 tot
1696 667 1829 712 illatas

307 742 520 787 Ecclesiae
543 744 730 794 initui-as,
758 756 804 787 ae
830 744 1129 800 promptissimi
1154 747 1245 787 sunt
1270 756 1344 800 pro
1367 744 1494 800 ipsius
1518 743 1729 788 Ecclesiae
1757 744 1831 787 (le-

307 819 488 864 sensione
512 819 562 863 atl
586 821 721 864 omnia
745 819 957 864 subeunda
983 819 1179 878 pericula.
1219 819 1359 878 Neque
1398 833 1540 878 parum
1564 820 1645 864 Nes
1669 833 1831 879 quoque.

310 896 441 940 reticit
477 898 645 953 egregia
675 896 1075 953 Neogranatensium
1108 895 1350 954 populorum
1381 898 1537 948 virtus,
1570 898 1724 954 pietas,
1760 898 1833 955 qui

310 971 431 1029 longe
454 975 632 1018 maxima
656 986 703 1018 ex
727 978 843 1031 parte
866 987 1128 1031 summopere
1165 973 1349 1018 dolentes
1369 1010 1377 1026 ,
1404 978 1442 1018 et
1463 973 1723 1032 Indignantes
1750 978 1832 1017 tam

311 1050 453 1108 iniqua
475 1063 523 1094 ac
546 1052 677 1095 tristia
700 1055 841 1094 contra
865 1063 1004 1094 eorum
1030 1050 1268 1106 religionem
1294 1055 1331 1094 et
1355 1050 1565 1094 Antistites
1591 1053 1710 1102 sacta,
1732 1049 1834 1094 nihi}

314 1128 519 1185 antiquius
543 1126 719 1180 liabent,
748 1140 870 1186 quam
897 1126 1072 1184 publicis
1096 1126 1397 1185 luculentisque
1421 1129 1664 1172 testimoniis
1696 1132 1835 1172 osten-

315 1203 428 1255 dere,
456 1203 536 1248 sibi
559 1206 733 1248 maxime
757 1203 869 1248 cordi
893 1217 984 1248 esse
1007 1208 1045 1248 et
1069 1203 1311 1248 catholicam
1348 1204 1531 1261 profiteri
1561 1203 1801 1260 religionem
1821 1240 1831 1257 ,

313 1285 351 1324 et
376 1294 472 1324 suos
496 1281 708 1325 Antistites
732 1294 893 1325 summa
918 1279 1184 1324 observantia
1208 1285 1246 1324 et
1269 1293 1407 1324 amore
1430 1282 1621 1338 prosequi
1641 1316 1649 1332 ,
1685 1293 1732 1324 ac
1753 1279 1837 1324 No-

312 1356 377 1401 bis
413 1361 452 1401 et
486 1356 580 1400 huic
604 1357 863 1415 ‚ipostolicae
887 1356 980 1400 Secti
1004 1356 1228 1401 catholicae
1258 1358 1443 1401 veritatis
1480 1362 1517 1401 et
1550 1359 1715 1401 unitatis
1738 1370 1836 1402 cen-

312 1438 391 1486 tro,
420 1434 593 1478 tirmiter
616 1433 854 1478 adhaerere.

371 1509 458 1554 Iam
481 1523 616 1568 porro.
644 1509 908 1554 Venerabiles
931 1510 1095 1554 Fratres
1115 1546 1122 1561 ,
1151 1511 1219 1554 vix
1243 1509 1340 1554 dum
1364 1510 1492 1555 Nobis
1516 1512 1684 1555 innotuit
1707 1546 1716 1563 ‚
1752 1515 1834 1554 tam

312 1600 438 1645 prava
473 1592 511 1630 et
545 1599 751 1644 nunquam
785 1587 885 1630 satis
921 1586 1194 1644 improbanda
1230 1587 1398 1631 consilia
1434 1589 1476 1631 in
1510 1587 1836 1644 Neogranatcnsi

310 1662 537 1720 Republica
561 1668 699 1706 contra
723 1661 970 1714 Ecclesiam,
997 1664 1166 1720 eiusque
1190 1675 1308 1707 sacra
1331 1665 1436 1715 iura,
1463 1662 1594 1714 bona,
1622 1663 1831 1715 l‘astores,

311 1739 518 1783 Ministros
542 1743 733 1797 suscepta
767 1752 813 1783 ac
850 1740 1029 1796 perfecta
1066 1741 1217 1791 fuisse,
1257 1753 1465 1798 nunquam
1505 1739 1737 1784 destitimus
1761 1754 1838 1797 per

310 1820 494 1860 nostrum
517 1815 772 1860 Cardinalem
791 1829 814 1860 a
835 1814 1007 1872 publicis
1033 1815 1191 1860 Nostris
1216 1816 1399 1873 Negotiis
1423 1816 1532 1875 apud
1557 1816 1656 1860 illud
1675 1815 1837 1861 Guber-

309 1893 422 1936 nium
445 1893 602 1936 iteratis
639 1892 1032 1949 expostulationibus
1068 1892 1294 1937 reclamare
1328 1897 1367 1937 et
1399 1895 1595 1951 conqueri
1630 1893 1836 1938 adversus

310 1972 366 2013 tot
401 1970 672 2024 gt·aviSsimas
697 1968 828 2012 eitlem
854 1967 1067 2012 Ecclesiae
1103 1973 1141 2012 et
1175 1968 1269 2012 bule
1302 1968 1560 2027 Apostoliczte
1583 1969 1676 2013 Sedi
1700 1968 1835 2013 illatas

309 2046 497 2090 iniurias.
525 2045 729 2099 Attamen,
757 2045 938 2089 dolentes
963 2051 1001 2089 et
1020 2047 1135 2090 inviti
1159 2046 1351 2098 dicimus,
1378 2045 1480 2090 nibil
1499 2046 1670 2090 Nostrae
1689 2059 1831 2099 voces,

310 2121 509 2166 clamores
533 2128 570 2167 et
594 2127 762 2181 questus
786 2123 1044 2180 profecerunt
1064 2159 1072 2175 ‚
1112 2122 1212 2166 nihil
1236 2122 1398 2167 illorum
1420 2124 1657 2166 Antistitum
1686 2135 1836 2180 quere-

310 2199 374 2243 lae
397 2199 580 2255 raluere,
607 2201 677 2257 qui
702 2201 855 2257 proprii
882 2201 1100 2244 ministerii
1141 2213 1309 2244 munere
1334 2201 1374 2243 in
1399 2197 1629 2256 exemplum
1661 2199 1837 2255 fungen-

312 2280 388 2328 tes,
415 2276 653 2334 Nostrisque
678 2277 856 2333 paternis
880 2275 1042 2319 Litteris
1066 2276 1295 2319 contirmati
1318 2273 1428 2319 baud
1453 2276 1677 2319 omiserunt
1706 2288 1835 2333 oppo-

313 2364 411 2395 nere
440 2365 600 2395 murum
633 2365 704 2409 pro
739 2351 868 2395 Domo
900 2351 1042 2396 Israel.
1085 2351 1226 2408 ltaque
1260 2355 1301 2395 ut
1338 2350 1480 2395 fideles
1513 2350 1595 2394 illic
1635 2351 1833 2407 degentes

314 2430 459 2479 sciant⁷
488 2433 525 2471 et
544 2430 762 2472 universus
786 2427 897 2473 orbis
921 2432 1116 2484 agnoscat
1140 2440 1261 2486 quam
1280 2427 1543 2472 vehementer
1566 2441 1588 2471 a
1606 2427 1731 2472 Nobis
1754 2429 1833 2471 im-

314 2503 539 2562 probentur
573 2518 619 2548 ea
650 2505 811 2556 omni-a,
847 2517 951 2562 quae
976 2503 1028 2548 al)
1063 2504 1171 2549 illius
1207 2503 1470 2559 Reipublicae
1506 2503 1832 2548 Moderatoribus

314 2586 455 2626 contra
475 2581 745 2638 Religionem,
767 2582 1013 2635 Ecclesiam,
1036 2585 1203 2641 eiusque
1228 2583 1355 2639 leges,
1377 2582 1580 2634 Pastores‚
1604 2582 1826 2635 Ministros,

315 2663 352 2703 et
376 2664 516 2703 contra
535 2658 767 2704 huiusmodi
785 2658 896 2704 Beati
915 2659 1023 2704 Petri
1044 2659 1271 2704 tlathedrae
1294 2661 1383 2703 iura
1405 2663 1442 2703 et
1461 2659 1738 2703 auctoritatem
1757 2671 1831 2716 ge-

315 2740 378 2780 sta
400 2741 506 2788 suut,
534 2736 778 2793 pastoralem
798 2737 985 2781 Nostram
1009 2739 1049 2781 in
1073 2737 1327 2795 amplissimo
1353 2734 1498 2780 Vestro
1520 2734 1725 2780 Consessu
1756 2748 1830 2780 vo-

314 2824 404 2857 cem
428 2813 647 2869 apostoliea
670 2813 856 2859 fibertate
881 2813 1106 2859 attollentes
1130 2815 1337 2872 praedicta
1359 2814 1493 2858 omnia
1513 2811 1691 2864 decreta,
1719 2824 1827 2870 quae
