1987 3132
319 113 375 156 20
747 122 964 154 ALLocrrio
990 123 1178 160 QL‘ISQUE
1206 123 1406 153 t‘ESTRl‘M

316 219 363 251 re
386 208 521 250 omnia
544 217 822 262 quaecumque
846 205 947 261 ipsis
970 203 1250 252 mandaverat,
1277 205 1437 261 magnis
1461 204 1652 249 revelatis
1675 207 1830 262 myste-

317 284 407 334 riis,
446 283 690 338 magnisque
730 281 980 324 confirmatis
1019 282 1302 333 sacramentis,
1345 282 1385 324 in
1425 285 1644 338 conspectu
1669 285 1834 325 sanctae

318 358 588 403 multitudinis
614 357 887 415 triumphans,
924 362 962 401 et
986 359 1189 415 captivam
1213 358 1366 401 ducens
1396 359 1669 416 captivitatem
1708 371 1834 416 super

317 447 458 480 omnes
482 434 616 479 caelos
639 434 689 478 ad
713 434 922 477 dexteram
944 433 1020 478 Dei
1044 434 1176 478 Patris
1200 448 1469 479 consessurus
1505 433 1733 478 adscendit.
1770 433 1834 479 lbi

318 511 370 557 ad
388 511 601 569 Apostolos
625 524 736 562 suos,
763 510 1051 554 illuminandos
1075 511 1398 555 eor1·ober‹mdos
1416 516 1534 569 atque
1558 510 1611 554 ad
1636 523 1835 555 renovan-

318 588 411 633 dam
437 594 568 632 terrae
594 589 751 640 faciem,
779 593 1021 646 reteresque
1052 587 1238 631 tenebras
1261 587 1503 644 abigendas,
1543 589 1669 630 misso
1693 590 1833 631 sancto

316 664 515 709 Paraclito
539 665 706 722 Spiritu,
735 664 876 717 veluit,
904 670 947 708 ut
970 664 1153 721 Apostoli
1192 664 1243 708 ab
1281 663 1564 722 Hierosolyma
1606 666 1694 722 ipsa
1731 663 1834 709 urbe

317 741 578 798 evangelicae
616 741 928 799 praedicationis
960 754 1060 798 opus
1084 740 1331 793 ordirentur,
1367 746 1583 798 antequam
1607 742 1645 783 in
1669 753 1834 785 omnem

317 816 653 875 dispergerentur
676 817 832 861 orbem.
873 816 987 870 Quae
1022 830 1114 860 cum
1143 818 1199 860 ita
1230 818 1325 868 sint,
1364 817 1508 859 merito
1541 822 1660 874 atque
1683 818 1834 874 optimo

313 895 402 938 iure
425 894 632 936 christiani
658 894 794 951 populi
817 898 957 937 sancta
979 893 1087 936 illius
1110 894 1291 949 regionis
1314 892 1403 936 loca
1425 894 1534 935 omni
1560 894 1738 949 pietatis,
1766 905 1833 937 re-

314 969 479 1027 ligionis
503 976 541 1014 et
565 972 835 1014 venerationis
860 971 1002 1014 affectu
1027 983 1188 1028 semper
1210 974 1302 1013 sunt
1328 971 1577 1027 prosequuti.
1614 969 1833 1028 Postquam

314 1060 412 1092 vero
438 1049 684 1091 tristissimis
709 1060 846 1090 rerum
866 1060 912 1090 ac
938 1053 1165 1103 temporum
1183 1045 1343 1089 vicibus
1363 1048 1549 1101 regiones
1574 1045 1665 1088 illae
1684 1059 1705 1088 e
1723 1045 1834 1091 chri-

314 1125 539 1169 stianorum
564 1123 857 1181 Imperatorum
882 1123 1157 1166 dominatione
1179 1121 1371 1179 abreptae
1393 1123 1518 1172 fuere,
1536 1121 1705 1165 Romani
1730 1122 1833 1167 Pon-

316 1201 447 1246 tifices
471 1201 717 1244 Decessores
740 1200 892 1251 Nostri,
914 1204 953 1243 et
975 1199 1161 1243 catholici
1181 1199 1390 1256 Principes
1407 1199 1669 1243 vehementer
1691 1203 1834 1257 optan-

315 1281 377 1322 tes
402 1278 657 1334 gravissimis
681 1276 862 1319 fidelium
887 1275 1199 1320 necessitatibus
1223 1288 1452 1326 occurrere,
1481 1289 1629 1332 eosque
1652 1274 1703 1318 ab
1728 1275 1833 1319 Iniu-

317 1356 499 1398 stissima
522 1360 559 1398 et
583 1354 882 1404 crudelissima,
918 1367 997 1412 qua
1021 1353 1326 1411 premebantur,
1370 1355 1566 1396 servitute
1599 1353 1827 1407 vindicare,

314 1432 442 1475 variis
482 1430 732 1487 temporibus
772 1429 868 1473 nibil
905 1431 1145 1473 intentatum
1170 1429 1434 1487 reliquerunt,
1476 1435 1518 1473 ut
1541 1429 1629 1472 loca
1665 1431 1755 1486 ipsa
1778 1427 1831 1474 ab

315 1508 541 1553 infidelium
565 1509 767 1564 eriperent
791 1512 1001 1564 potestate.
1025 1505 1130 1550 Hinc
1153 1505 1521 1563 Hierosolymitana
1546 1505 1747 1558 Ecclesia,
1765 1506 1832 1551 cui

317 1583 370 1629 ab
396 1583 626 1627 luuocentio
650 1583 705 1626 111
743 1583 1062 1626 praedecessore
1096 1582 1242 1626 Nostro
1282 1584 1322 1626 in
1358 1581 1536 1626 Concilio
1568 1581 1832 1626 laderanensi

316 1665 460 1718 quarto
486 1659 769 1703 Patriarcllalis
794 1659 972 1715 dignitas
997 1658 1069 1701 suit
1107 1659 1360 1708 contii-mata,
1399 1671 1558 1701 summo
1598 1669 1762 1713 semper
1787 1657 1829 1700 in

316 1734 468 1780 honore
494 1735 627 1778 habita
653 1735 897 1793 peculiarem
921 1734 1193 1778 Romanorum
1221 1735 1457 1777 Pontitieum
1482 1747 1622 1776 curam
1657 1737 1695 1776 et
1719 1732 1831 1777 solli-

317 1812 539 1857 citudinem
563 1812 641 1855 sibi
666 1813 929 1869 compat-avit.
973 1810 1053 1865 Qui
1088 1812 1251 1869 quidem
1275 1810 1443 1855 Romam
1473 1811 1684 1854 Pontifices
1709 1812 1832 1854 etiam

314 1894 530 1947 postquam
556 1902 670 1931 sat-ra
694 1888 835 1932 eadem
860 1888 947 1931 loca
970 1888 1021 1931 ab
1044 1888 1278 1931 infidelibus
1301 1890 1447 1932 iterum
1473 1893 1668 1944 occupata
1700 1888 1827 1941 suere,

313 1965 442 2010 immo
465 1970 503 2008 et
525 1979 616 2008 cum
642 1967 707 2008 vix
730 1964 811 2008 ulla
833 1964 883 2007 de
908 1963 986 2007 illis
1012 1963 1301 2020 recuperandis
1326 1977 1419 2020 spes
1454 1964 1681 2019 affulgeret,
1720 1962 1828 2008 Lati-

315 2055 389 2087 nos
411 2042 665 2085 patriarchas
689 2041 1081 2098 ilici-osotyma-anos
1105 2042 1337 2083 renuntiare
1361 2046 1399 2083 et
1422 2043 1666 2083 emistituere
1702 2038 1831 2084 haud-

315 2130 520 2176 quaquam
544 2119 862 2167 intermiserunt,
892 2117 983 2160 licet
1007 2129 1075 2159 eos
1098 2130 1119 2159 a
1148 2116 1352 2159 residendi
1377 2116 1624 2172 obligatione
1649 2115 1824 2168 solvere,

315 2195 509 2252 quamdiu
536 2195 620 2236 toea
658 2195 746 2251 ipsa
769 2191 820 2235 ab
859 2192 1091 2235 infidelibus
1116 2191 1407 2242 detinerentur,
1447 2205 1493 2233 ac
1517 2191 1717 2247 spirituali
1741 2190 1830 2236 illo-

314 2283 404 2315 rum
430 2271 607 2313 tidelium
634 2270 737 2313 bono
761 2269 838 2313 alia
863 2270 1015 2312 ratione
1039 2282 1111 2326 pro
1136 2268 1291 2311 virIbus
1316 2267 1526 2311 consulere
1551 2268 1782 2312 debuerint,

374 2347 456 2391 Nos
479 2355 587 2391 certe
611 2348 660 2389 de
684 2347 749 2390 illa
769 2346 969 2389 Dominici
995 2347 1131 2402 gregis
1157 2350 1268 2402 parte
1295 2344 1352 2387 vel
1380 2346 1554 2387 maxime
1574 2344 1753 2397 solliciti,
1780 2357 1829 2389 ac

313 2438 472 2470 summa
498 2438 593 2479 erga
619 2426 727 2480 ipsas
747 2425 934 2479 regiones
955 2423 1102 2479 pietate
1125 2422 1272 2471 affecti,
1303 2421 1361 2464 vel
1383 2421 1433 2463 al)
1456 2424 1542 2478 ipso
1561 2421 1697 2463 Nostri
1720 2420 1825 2466 Pon-

313 2503 490 2548 tili‹·atus
515 2502 681 2545 exordio
705 2502 802 2545 nibil
829 2501 1033 2558 antiquius
1057 2498 1289 2550 babuimus,
1332 2512 1453 2556 quam
1491 2503 1531 2541 ut
1556 2497 1685 2541 ladini
1709 2497 1824 2542 Ritus

313 2578 548 2623 Patriam-tia
565 2578 867 2635 Hierosolynme
888 2580 1031 2622 iterum
1051 2579 1089 2620 in
1105 2591 1175 2621 sua
1193 2577 1289 2620 sede
1309 2581 1443 2633 posset
1461 2577 1700 2618 consistere.
1723 2572 1826 2617 Cum

313 2662 466 2707 autem,
498 2655 578 2698 Deo
598 2655 699 2698 bene
723 2656 902 2706 iuvante,
936 2653 1192 2697 difficultates
1224 2665 1380 2700 omnes,
1423 2657 1537 2708 prout
1566 2661 1824 2707 summopere

313 2734 569 2790 optabamus,
600 2734 756 2789 penitus
781 2732 960 2775 sublatas
995 2744 1087 2774 esse
1110 2731 1456 2788 conspexerimus,
1499 2728 1679 2785 nihilque
1715 2738 1823 2771 nunc

313 2813 507 2867 temporis
531 2812 687 2864 obstet,
714 2810 929 2868 quominus
952 2811 1038 2868 ipse
1063 2808 1297 2853 Patriarctia
1331 2807 1538 2851 Ecclesiae
1561 2818 1659 2849 suae
1681 2814 1822 2850 curam
