1987 3132
707 76 763 121 10
789 90 952 122 ..uersu
975 76 1105 121 1863.
1478 120 1479 125 ,
1577 77 1659 121 2313

146 173 318 231 illosque
341 172 505 217 assidue
539 185 704 216 monere
737 177 775 216 et
801 172 1020 225 exhortari,
1046 177 1089 216 ut
1113 173 1415 215 sanctissinum]
1439 170 1578 223 fidem,
1606 173 1661 215 si-

149 263 199 294 ne
222 263 301 308 qua
324 249 582 307 impossibile
606 254 667 292 est
692 248 850 306 plaeere
873 248 973 302 Deo,
1012 254 1049 293 et
1088 261 1210 306 quam
1240 263 1264 292 a
1295 248 1454 293 Christo
1488 248 1660 291 DomIno

148 341 220 385 per
250 327 462 385 Apostolos
488 332 593 371 tenet
628 339 674 369 ac
709 325 825 370 docet
848 325 1044 370 catholica
1081 325 1293 379 Ecclesia,
1328 327 1660 369 constantissime

149 409 322 457 teneant,
350 417 397 449 ac
420 403 585 448 stabiles
609 408 645 447 et
672 404 828 447 immoti
862 407 1128 460 permaneant
1160 404 1201 446 in
1241 402 1380 446 divina
1402 407 1543 446 nostra
1566 402 1660 445 reli·

153 483 288 539 gione,
315 494 419 541 quae
441 494 521 526 una
544 486 603 525 est
627 494 740 532 vera,
768 484 1056 538 aeternamque
1078 484 1193 538 parat
1216 480 1402 531 salutem,
1429 492 1475 523 ac
1499 478 1659 522 civilem

153 560 272 602 etiam
296 559 527 601 societatem
550 557 613 601 rel
638 559 814 601 maxime
836 559 1005 615 sospitat
1029 562 1148 615 atque
1178 557 1367 600 fortunat.
1401 554 1661 614 Quapropter

151 648 202 680 ne
217 634 428 685 desinatis,
449 647 521 692 per
545 634 742 693 parochos
773 635 1013 693 praesertim
1035 633 1218 692 aliosque
1237 633 1535 678 ecclesiasticos
1549 634 1660 677 vitos

150 713 257 756 ritae
290 714 538 769 integritate,
573 725 731 756 morum
766 713 983 768 gravitate,
1018 724 1065 755 ac
1101 725 1200 755 sana
1234 710 1445 768 solidaque
1477 710 1660 755 doctrina

152 794 371 848 spectatos,
405 794 489 833 tum
513 789 638 833 divini
665 788 777 833 verbi
802 789 1118 846 praedicatione,
1142 793 1223 832 tum
1262 787 1466 832 catechesi
1489 787 1659 846 populos

154 879 277 910 curae
300 870 461 910 vestrae
484 865 653 910 traditos
677 865 909 910 veneranda
932 870 1129 922 augustae
1152 870 1314 910 nostrae
1337 864 1545 922 religionis
1570 879 1663 923 my-

153 945 292 994 steria,
319 942 558 994 doctrinam,
586 947 818 1000 praecepta,
845 942 1101 1000 disciplinam
1126 943 1377 986 continenter
1412 948 1449 986 et
1473 947 1661 988 accurate

154 1019 315 1063 docere.
343 1019 504 1063 Etenim
528 1021 711 1077 apprime
734 1021 864 1074 scitis,
890 1022 1097 1076 ingentem
1121 1019 1319 1063 malorum
1343 1024 1497 1076 partem
1531 1033 1579 1064 ex
1602 1020 1664 1064 di—

154 1099 340 1141 ¹rinarum
365 1109 517 1151 rerum,
544 1110 647 1155 quae
671 1096 721 1140 ad
746 1096 917 1140 salutem
940 1098 1199 1141 necessariae
1235 1101 1341 1149 sunt,
1381 1098 1543 1141 inscitia
1577 1097 1661 1156 ple-

154 1186 327 1231 rumque
351 1175 465 1226 oriri,
493 1186 540 1217 ae
563 1177 780 1231 propterea
802 1172 928 1231 probe
959 1173 1200 1230 intelligitis,
1237 1187 1398 1218 omnem
1437 1187 1576 1218 curam
1609 1175 1669 1218 in-

160 1250 441 1308 dustrIamque
465 1263 556 1293 esse
595 1249 885 1303 adhibendam,
926 1255 969 1294 ut
1003 1250 1236 1294 huiusmodi
1270 1250 1422 1296 malum
1459 1265 1481 1295 a
1507 1251 1666 1310 populis

156 1326 394 1385 depellatur.

216 1405 442 1464 Antequam
472 1419 568 1450 vero
591 1405 684 1450 huic
716 1406 886 1450 Nostrae
920 1405 1126 1464 Epistolae
1150 1406 1270 1450 finem
1296 1407 1507 1459 faciamus,
1541 1406 1666 1452 Nobis

161 1486 383 1539 temperare
406 1496 484 1526 non
509 1496 742 1540 possumus,
769 1484 865 1541 quin
897 1485 1064 1526 meritas
1098 1482 1237 1527 Italiae
1266 1482 1382 1528 Clero
1416 1482 1559 1527 laudes
1600 1485 1668 1528 tri-

155 1555 348 1610 buamus,
375 1561 444 1617 qui
471 1572 518 1602 ex
543 1563 659 1616 parte
681 1559 802 1616 longe
827 1561 1002 1604 maxima
1032 1558 1157 1603 Nobis
1199 1563 1236 1603 et
1267 1559 1362 1604 huic
1385 1560 1493 1604 Petri
1523 1560 1669 1604 Cathe—

157 1634 268 1689 drae,
296 1648 342 1679 ac
367 1637 450 1680 suis
476 1636 735 1681 Antistitibus
759 1650 806 1681 ox
830 1638 964 1680 animo
988 1635 1215 1681 adhaerens
1239 1650 1263 1680 a
1285 1641 1397 1681 recta
1413 1639 1479 1681 ria
1502 1638 1670 1682 minime

160 1709 393 1763 declinarit,
422 1711 494 1755 sed
518 1712 690 1756 illustria
714 1727 879 1757 suorum
916 1712 1154 1756 Antistitum
1195 1713 1379 1771 exempla
1413 1727 1605 1772 sequens,
1634 1720 1671 1758 et

157 1788 384 1844 asperrima
414 1800 598 1846 quaeque
632 1790 928 1846 patientissime
959 1790 1168 1847 perferens
1198 1803 1365 1833 munere
1397 1803 1471 1834 suo
1504 1791 1671 1847 egregie

158 1864 434 1921 perfungitur.
461 1863 521 1908 Ea
546 1866 723 1923 profecto
748 1879 820 1923 spe
844 1867 1010 1910 nitImur
1034 1867 1134 1916 foro,
1154 1871 1197 1911 ut
1220 1865 1361 1912 Clerus
1385 1866 1509 1917 idem,
1532 1867 1671 1911 divina

160 1939 378 1984 auxitiante
415 1942 560 1997 gratia,
600 1941 723 1999 digne
762 1941 974 1986 ambulans
1014 1944 1239 1995 vocatione,
1282 1957 1362 2001 qua
1397 1948 1565 1987 vocatus
1590 1948 1667 1995 est,

158 2015 435 2074 splendidiora
459 2032 556 2062 suae
580 2020 739 2076 pietatis
783 2033 831 2063 ac
853 2021 1014 2063 virtutis
1039 2021 1261 2078 specimina
1285 2019 1477 2064 exhibere
1509 2033 1672 2077 semper

158 2094 387 2140 contendat.

219 2170 363 2216 Debito
387 2185 546 2232 quoque
569 2173 732 2218 laudum
753 2176 968 2232 praeconio
992 2175 1278 2232 prosequimur
1304 2178 1356 2217 tot
1372 2173 1562 2230 Virgines
1585 2173 1670 2218 Deo

161 2260 315 2300 sacras,
341 2262 445 2307 quae
468 2264 489 2293 a
512 2251 688 2308 propriis
719 2250 975 2295 Monasteriis
1008 2249 1205 2294 x'iolentcr
1240 2249 1491 2302 exturbatae,
1518 2264 1564 2295 ae
1588 2251 1672 2294 suis

161 2323 361 2368 reditibus
384 2325 595 2382 spoliatae,
622 2332 660 2371 et
682 2326 733 2371 ad
758 2327 1058 2371 mendicitatem
1082 2327 1286 2379 redactae,
1313 2326 1569 2371 haudtamen
1594 2328 1675 2370 sre-

162 2405 307 2457 gerunt
329 2401 468 2453 fidem,
495 2415 616 2460 quam
640 2403 797 2461 Sponso
821 2403 1037 2456 dederunt,
1064 2403 1136 2448 sed
1155 2405 1262 2448 omni
1283 2405 1509 2448 constantia
1527 2405 1675 2447 tristis-

165 2478 311 2521 simam
335 2491 449 2521 suam
475 2479 746 2524 conditionem
772 2481 991 2525 tolerantes
1017 2495 1095 2525 non
1126 2486 1289 2525 cessant
1325 2480 1481 2524 diurnis
1514 2485 1674 2524 noctur-

161 2555 308 2612 nisque
331 2553 522 2611 precibus
544 2553 681 2599 levare
707 2570 853 2601 manus
878 2571 975 2601 suas
1000 2559 1039 2601 in
1063 2561 1218 2608 sancta,
1243 2556 1373 2600 Deum
1398 2569 1469 2613 pro
1493 2557 1673 2599 omnium

165 2635 203 2674 et
226 2644 390 2675 suorum
416 2632 537 2674 etlam
562 2638 870 2689 persecutorum
914 2632 1044 2676 salute
1079 2633 1356 2687 obsecranteS,
1384 2636 1421 2676 et
1445 2633 1674 2676 misericor-

164 2705 273 2751 diam
296 2721 319 2751 a
340 2707 512 2752 Domino
534 2709 732 2766 patienter
755 2713 1028 2766 expectantes.
