1987 3132
321 92 511 123 trisrom
531 91 670 123 merc.
699 92 874 128 musso
895 92 1199 123 comarum]
1225 80 1279 125 10
1298 94 1390 125 Ate.
1412 81 1543 136 1863.
1612 83 1696 128 227

178 193 196 214 «
224 173 378 231 gaudii,
406 186 526 231 quam
553 173 765 223 moeroris,
810 172 934 230 quod,
978 174 1229 218 ‹eusci-tante
1267 175 1349 220 Vos
1387 176 1562 221 Domino
1603 178 1696 223 lesu

178 269 195 291 «
224 250 402 302 Christo,
425 252 465 294 in
484 249 721 306 evangelica
744 249 1049 307 apostolicaque
1073 250 1257 294 doctrina
1280 252 1578 310 insuperabiles
1603 268 1696 312 per-

177 346 195 367 «
225 330 407 372 sinistis.
429 363 436 370 .
459 364 464 370 .
492 327 545 371 Et
569 339 659 370 cum
684 325 765 369 Vos
788 327 942 369 inimici
963 326 1058 370 {idei
1077 326 1324 371 cluistIanae
1343 328 1394 372 ab
1413 329 1694 376 Ecclesiarum

178 422 196 445 «
224 410 452 448 vestrarum
485 403 582 447 sede
604 402 876 454 divellerent,
909 402 1111 446 maluistis
1136 407 1478 461 peregrinationis
1502 409 1692 453 iniuriam

179 501 196 521 «
224 484 304 540 pati
329 518 336 532 ‚
363 494 484 539 quam
506 479 587 523 ulla
611 481 831 536 Impietatis
856 481 1038 537 Ipsorum
1063 483 1305 537 contagione
1328 482 1471 526 violari
1499 483 1515 518 1
1549 502 1585 527 ›>.

234 559 366 616 Atque
404 559 557 601 utinam
597 555 722 600 Vobis
762 560 966 600 tantarum
1005 556 1219 601 Ecclesiae
1255 557 1530 603 calamitatum
1571 561 1694 605 finem

174 635 359 679 nuntiare
383 636 621 691 possemus!
652 632 730 676 Sed
754 645 962 691 nunquam
987 634 1085 676 satis
1109 633 1286 690 lugenda
1305 648 1464 679 morum
1483 642 1694 695 corrupte-

174 710 212 754 la
250 711 425 768 undiquc
464 711 772 766 ingravescens,
816 714 854 753 et
890 709 1149 766 irreligiosis,
1185 710 1369 755 nesandIS
1398 712 1696 772 obscoenisque

173 789 354 845 scriptis,
373 800 419 831 ac
443 788 642 831 scoenicis
667 785 925 843 spectaculis,
954 791 993 830 et
1015 789 1258 831 meretriciis
1281 787 1472 833 domibus
1495 790 1580 834 fere
1604 789 1696 834 ubi-

174 877 252 923 que
275 865 520 915 constitulis,
561 876 608 906 ac
639 862 730 906 aliis
770 864 909 919 pravis
948 862 1105 907 artibus
1144 869 1344 922 promota,
1388 870 1427 910 et
1464 871 1697 911 monstrosa

173 943 353 985 omnium
378 953 561 984 errorum
586 944 771 997 portenta
794 952 1107 997 quaquaversus
1143 941 1429 996 disseminata,
1466 948 1503 988 et
1540 943 1698 989 abomi-

171 1018 308 1062 nanda
326 1019 515 1060 *fitiorum
534 1018 798 1074 omniumque
817 1016 1019 1060 scelerum
1038 1019 1272 1062 increscens
1296 1019 1508 1072 colluxieS,
1531 1026 1570 1065 et
1588 1035 1697 1065 mor—

172 1096 336 1140 tiferum
362 1093 660 1137 incredulitatis
683 1107 729 1137 ac
749 1093 1079 1151 τήᾱὶίβσφᾩη[[3πηὶ
1099 1097 1212 1139 virus
1236 1095 1356 1153 longe
1373 1096 1535 1155 lateque
1575 1098 1697 1143 diffu-

174 1185 282 1222 sum,
310 1176 347 1214 et
371 1170 670 1214 ecclesiasticae
694 1172 920 1227 potestatis,
947 1184 993 1214 ac
1030 1184 1243 1215 sacrarum
1278 1186 1432 1225 rerum,
1476 1173 1697 1233 legumque

172 1249 430 1305 contempti0,
457 1246 739 1305 despicientia,
761 1250 799 1290 et
819 1248 968 1291 iniusta
986 1260 1033 1291 ac
1056 1247 1236 1292 riolenta
1259 1247 1458 1293 bonorum
1479 1250 1695 1297 Ecclesiae

176 1324 460 1383 depopulatio,
497 1328 535 1367 et
557 1325 757 1366 acerrIma
795 1336 842 1367 ac
880 1325 1069 1367 continua
1108 1329 1249 1368 contra
1278 1338 1418 1370 sacros
1458 1327 1693 1382 Ministros,

174 1414 221 1444 ac
262 1400 564 1456 Religiosarum
586 1399 850 1444 Familiarum
888 1399 1102 1453 Alumnos,
1147 1401 1420 1461 Yirginesque
1452 1402 1538 1448 Deo
1574 1405 1697 1450 devo-

174 1482 237 1521 tas
260 1479 486 1527 insectatio,
526 1490 573 1521 ac
606 1476 851 1521 diabolicum
877 1490 1045 1534 prorsus
1084 1478 1283 1522 adversus
1322 1479 1545 1535 Christum,
1589 1485 1698 1527 eius—

172 1567 250 1613 que
274 1553 520 1605 Ecclesiam,
548 1553 791 1606 doctrinam,
819 1558 857 1598 et
896 1552 1000 1598 hanc
1022 1554 1298 1612 Apostolicam
1339 1555 1488 1600 Sedem
1521 1557 1659 1602 odium
1681 1593 1694 1615 ,

172 1635 213 1675 et
235 1632 447 1675 innumera
469 1630 552 1674 fere
574 1630 668 1682 alia,
696 1643 800 1688 quae
823 1629 875 1674 ab
899 1631 1191 1675 infensissimis
1223 1634 1282 1675 rei
1317 1631 1539 1678 catholicae
1567 1634 1698 1680 hosti-

174 1706 253 1750 bus
276 1712 501 1764 patrantur,
528 1712 565 1751 et
589 1707 770 1764 quotidie
793 1707 1007 1751 lamentari
1031 1709 1232 1764 cogimur,
1259 1708 1450 1754 videntur
1489 1714 1696 1768 optatissi-

173 1796 285 1826 mum
309 1782 406 1826 illud
432 1782 669 1840 protrahere
692 1796 739 1827 ac
776 1783 940 1827 differre
976 1789 1152 1841 tempus,
1194 1799 1274 1842 quo
1298 1786 1461 1843 plenum
1485 1790 1698 1834 sanctissi-

175 1873 266 1904 mae
289 1864 450 1903 nostrae
474 1860 700 1915 religionis,
728 1861 921 1912 iustitiae,
961 1873 1007 1903 ac
1046 1862 1230 1905 veritatis
1269 1862 1520 1921 triumphum
1554 1865 1696 1912 videre

173 1938 394 1994 possimus.
436 1936 515 1990 Qui
555 1936 719 1994 quidem
758 1936 987 1994 triumphus
1023 1936 1168 1981 deesse
1206 1951 1285 1982 non
1320 1942 1493 1996 poterit,
1535 1945 1696 1989 etiamsi

175 2012 302 2057 Nobis
326 2013 465 2057 datum
488 2027 565 2057 non
589 2015 640 2057 sit
664 2026 831 2057 noscere
856 2018 1015 2071 tempus
1039 2013 1170 2058 eidem
1196 2016 1402 2074 tritimpho
1433 2017 1486 2062 ab
1510 2022 1696 2078 omnipo-

175 2092 274 2134 tenti
298 2090 383 2134 Deo
407 2090 670 2142 destinatum,
699 2092 767 2149 qui
791 2092 928 2134 omnia
950 2091 1184 2135 admirabili
1212 2092 1350 2137 (lirina
1382 2108 1455 2139 sua
1479 2097 1698 2153 proxiden-

174 2169 231 2211 tia
253 2169 359 2224 regit
382 2180 429 2211 ac
452 2166 698 2219 moderatur,
726 2172 765 2211 et
787 2167 838 2212 ad
862 2172 1044 2213 nostram
1071 2167 1211 2226 dirigit
1234 2170 1466 2215 utilitatem.
1512 2172 1602 2218 Etsi
1625 2187 1695 2219 re-

175 2257 221 2287 ro
244 2244 430 2288 caelestis
452 2244 572 2289 Pater
594 2243 822 2289 Ecclesiam
847 2258 964 2289 suam
988 2250 1171 2290 sanctam
1198 2248 1239 2290 in
1273 2246 1349 2292 hae
1384 2251 1620 2294 miserrima
1654 2255 1694 2296 et

174 2320 333 2364 mortali
357 2322 682 2377 peregrinatione
706 2321 964 2373 militantem,
992 2323 1118 2366 variiS
1142 2325 1349 2368 aerumnis
1381 2330 1420 2370 et
1452 2326 1694 2372 calamitati-

174 2396 251 2441 bus
274 2397 398 2453 alt'ligi
421 2402 461 2440 et
482 2399 621 2442 vexari
645 2399 855 2455 permittit,
885 2403 1020 2443 tamen
1044 2412 1139 2443 cum
1164 2401 1253 2458 ipsa
1276 2414 1298 2445 a
1317 2400 1480 2447 Christo
1517 2402 1693 2448 Domino

173 2487 299 2532 supra
317 2473 567 2517 immobilem
590 2479 629 2518 et
650 2475 929 2520 firmissimam
953 2480 1109 2534 petram
1144 2478 1197 2521 sit
1226 2478 1406 2532 fundata,
1445 2492 1523 2523 non
1559 2479 1691 2524 solum

173 2550 285 2595 nulla
318 2552 359 2594 ri
393 2550 583 2608 nulloque
618 2552 772 2609 impetu
802 2553 975 2597 convelli
997 2558 1036 2597 et
1058 2553 1295 2598 labefactari
1326 2568 1506 2614 unquam
1540 2560 1684 2614 potest,

174 2639 320 2671 verum
343 2628 464 2671 etiam
486 2628 587 2685 ipsis
616 2644 632 2666 <‹
662 2628 1011 2685 persecutionibus
1036 2642 1114 2673 non
1138 2631 1348 2685 minuitur,
1387 2631 1461 2676 sed
1496 2637 1685 2691 augetur,

237 2792 257 2828 1
283 2792 320 2829 S.
339 2793 412 2830 Leo
430 2793 544 2839 Epist.
565 2791 646 2829 154.
666 2791 712 2828 ad
732 2792 936 2840 Episcopos
955 2794 1170 2840 Aegyptios,
1192 2794 1280 2832 edit.
1302 2794 1433 2831 Baiter.
