1987 3132
738 85 761 127 9
788 96 1009 128 nrzcnmmus
1037 84 1166 128 1854.
1629 85 1711 129 123

194 182 270 227 dae
294 185 417 233 sunt;
444 194 536 225 cum
558 185 689 225 tamen
723 179 813 223 illae
847 179 942 223 fidoi
984 178 1242 236 dogmatibus
1278 180 1525 234 iimiiantur,
1563 165 1712 239 quibus

192 258 293 303 nihil
318 260 497 309 firmuis,
525 257 625 301 nihil
648 256 862 308 staffilum,
906 258 1008 300 istac
1033 269 1129 300 vero
1164 256 1343 301 humana
1379 257 1630 315 explicentur
1653 263 1715 303 at-

197 347 276 392 que
299 334 756 385 illustrenturratione,
783 345 866 390 qua
888 332 987 376 nihil
1030 333 1250 385 incertum,
1291 337 1428 391 utpote
1467 348 1570 392 quae
1600 337 1715 379 varia

194 415 256 456 est
280 424 351 470 pro
376 412 630 468 ingeniorum
654 411 878 461 varietate,
913 410 1221 466 inmnncrifflpie
1251 409 1421 453 fallaciis
1459 415 1498 454 ct
1540 413 1713 467 praesti-

194 489 272 546 gns
296 488 483 531 obnoxia.
507 487 567 530 lta
590 485 754 545 quidem
778 486 929 529 reiecta
953 484 1164 530 Ecclesiae
1186 487 1424 530 auctoritate
1464 486 1714 532 difficillimis

195 564 450 623 quibusque,
488 563 791 620 reconditisque
829 561 1135 620 quaestionibus
1172 563 1397 607 latissimus
1437 565 1564 621 patuit
1602 577 1714 608 cam-

194 654 294 699 pus,
346 642 532 698 ratioque
572 639 753 683 humana
794 640 965 683 infirmis
1004 640 1089 682 suIs
1128 639 1281 683 confisa
1319 639 1477 684 viribus
1522 640 1710 686 licentius

197 730 419 762 excurrens
446 719 704 776 turpissimos
728 718 768 760 in
793 729 952 760 errores
974 715 1089 773 lapsa
1107 720 1191 768 est,
1235 730 1334 774 quos
1357 716 1422 761 bie
1457 718 1610 761 referre
1639 731 1714 762 nec

191 799 311 839 vacat
335 807 409 838 nee
431 793 569 846 lubet,
599 795 751 852 quippe
777 792 900 838 Vobis
924 792 1050 850 probe
1074 794 1257 850 cognitos
1296 798 1417 851 atque
1451 793 1707 852 exploratos,

193 872 345 929 quique
367 872 407 915 in
430 871 639 927 religionis
657 876 694 914 et
718 869 849 914 civilis
874 871 931 914 rei
957 869 1262 922 detriinontum,
1285 870 1465 929 illudque
1488 873 1713 915 maximum

194 947 490 992 redundarunt.
519 946 796 1000 Quamobrem
819 948 908 991 istis
931 946 1188 999 hominibus⁷
1226 949 1294 1005 qui
1318 947 1409 1004 plus
1445 961 1574 1006 aequo
1603 949 1714 992 vires

193 1024 364 1067 efferunt
388 1024 591 1068 humanae
614 1025 805 1076 rationiS,
833 1023 1047 1066 ostendere
1070 1027 1250 1080 oportet,
1277 1023 1397 1080 plane
1429 1023 1469 1067 id
1504 1037 1596 1068 esse
1619 1037 1715 1067 cen-

191 1101 362 1144 trarium
380 1102 620 1145 verIssimae
639 1100 694 1145 illi
714 1102 937 1145 sententiae
954 1099 1141 1145 Doctoris
1160 1101 1364 1156 gentium:
1394 1118 1409 1140 «
1433 1100 1474 1144 Si
1493 1102 1584 1159 quis
1602 1105 1715 1158 putet

193 1190 240 1221 se
262 1177 413 1236 aliquid
437 1191 550 1233 esse„
577 1191 670 1222 eum
689 1177 789 1222 nihil
813 1179 887 1231 sii,
914 1179 1003 1235 ipse
1025 1191 1070 1221 se
1093 1177 1250 1221 seducit
1275 1195 1310 1220 ›>.
1338 1177 1713 1222 Demonstrandum

194 1251 275 1297 illis
298 1257 358 1297 est
380 1258 553 1311 quantae
576 1255 628 1298 sit
650 1255 904 1311 arrogantIae
928 1256 1206 1311 pervestigare
1244 1255 1441 1311 mysterIa
1460 1290 1468 1307 ,
1508 1267 1615 1312 quae
1649 1268 1713 1299 re-

196 1329 334 1373 velare
356 1329 475 1374 nobis
499 1330 690 1387 dIgnatus
714 1335 776 1374 est
798 1329 1141 1375 clementissimus
1163 1330 1297 1381 Deus,
1337 1331 1562 1389 eademque
1599 1345 1713 1375 asse-

195 1407 290 1464 qui,
318 1407 609 1465 complectique
634 1407 783 1452 audere
806 1407 1005 1451 humanae
1029 1409 1177 1451 mentis
1200 1406 1480 1452 Imbecillitate
1515 1412 1553 1452 et
1584 1421 1713 1466 angu-

195 1483 311 1535 stiis,
339 1497 431 1527 cum
450 1484 689 1540 longissime
714 1498 759 1528 ea
784 1485 893 1528 vires
919 1483 1116 1528 excedant
1139 1485 1267 1528 nostri
1290 1483 1541 1537 intellectus,
1570 1487 1639 1544 qui
1664 1499 1711 1530 ex

193 1558 377 1617 Apostoli
401 1559 585 1604 eiusdem
608 1560 714 1604 dicto
738 1560 1008 1618 captivandus
1032 1565 1094 1604 est
1116 1561 1156 1604 in
1181 1559 1423 1619 obseqqum
1447 1561 1557 1605 fidei.

253 1635 386 1695 Atque
407 1636 636 1681 huiusmodi
660 1636 862 1681 humanae
885 1639 1052 1681 rationis
1077 1642 1314 1689 sectatores,
1338 1651 1409 1682 seu
1434 1638 1612 1682 cultores
1637 1652 1711 1694 po-

198 1712 291 1765 tius,
317 1714 384 1771 qui
408 1727 497 1757 eam
522 1713 601 1758 sibi
624 1719 776 1758 certam
815 1714 941 1758 veluti
979 1716 1222 1771 magistram
1255 1718 1503 1772 proponunt,
1546 1717 1715 1773 eiusque

196 1788 320 1834 ductu
343 1790 472 1834 fausta
495 1790 573 1835 sibi
599 1793 737 1835 omnia
761 1791 1014 1849 pollICentur,
1044 1789 1159 1835 obliti
1184 1795 1293 1835 certo
1316 1795 1410 1835 sunt
1431 1804 1553 1849 quan]
1587 1805 1714 1849 gram

197 1870 235 1911 et
258 1866 452 1910 acerbum
476 1879 523 1910 ex
546 1867 662 1923 culpa
685 1869 806 1925 primi
830 1870 1010 1925 parentis
1035 1869 1233 1911 inflictum
1259 1869 1311 1911 sit
1333 1867 1481 1912 vulnus
1513 1868 1714 1913 humanae

196 1947 382 1995 naturae,
421 1945 572 2002 quippe
609 1944 715 2002 quod
741 1949 780 1988 et
812 1943 983 1988 obfusae
1022 1943 1215 1988 tenebrae
1238 1946 1378 1997 menti,
1408 1948 1445 1988 et
1469 1958 1596 2001 prona
1618 1946 1714 1989 effe—

197 2024 261 2063 cta
284 2019 334 2063 ad
352 2019 504 2063 malum
528 2020 730 2065 voluntas.
758 2020 864 2065 Hine
888 2020 1146 2065 celeberrimi
1171 2033 1221 2065 ex
1259 2021 1545 2078 antiquissima
1583 2025 1714 2066 aetate

196 2096 426 2154 philosophi
449 2099 637 2155 quamvis
661 2097 788 2142 inulta
808 2097 1018 2156 praeclare
1049 2099 1307 2155 scripserint,
1346 2096 1550 2141 doctrInas
1580 2102 1714 2142 tamen

197 2186 292 2217 suas
316 2175 574 2230 gravissimis
609 2173 817 2219 erroribus
853 2176 1194 2226 contaminarunt;
1235 2173 1331 2218 bine
1365 2173 1577 2218 assiduum
1615 2173 1715 2217 illud

198 2254 403 2293 certamen
426 2250 532 2308 qued
556 2252 596 2295 iu
634 2250 752 2295 nobis
783 2253 1033 2309 experimur,
1075 2251 1126 2294 de
1157 2264 1237 2309 quo
1266 2251 1444 2309 loquitur
1475 2250 1711 2308 Apostolus:

204 2343 221 2365 «
250 2324 384 2369 Sentio
401 2328 440 2369 in
464 2326 659 2371 membris
683 2329 787 2372 meis
810 2327 942 2385 legem
960 2331 1257 2386 repugnantem
1271 2326 1354 2384 legi
1375 2328 1521 2371 mentis
1546 2339 1710 2370 meae».
1752 2342 1755 2345 ’

196 2401 313 2446 Nune
335 2403 496 2460 quando
518 2417 567 2447 ex
590 2405 757 2461 originis
774 2403 867 2449 labe
889 2406 930 2449 in
954 2406 1168 2449 universos
1193 2404 1338 2449 Adami
1361 2408 1548 2462 posteros
1567 2417 1715 2461 propa-

198 2482 294 2535 gata
316 2483 577 2522 extenuatum
601 2493 693 2524 esse
712 2485 867 2525 constet
891 2483 1057 2525 rationis
1082 2481 1234 2533 lumen,
1262 2485 1301 2525 et
1323 2494 1372 2524 ex
1394 2482 1565 2538 pristino
1600 2480 1715 2524 iusti-

198 2556 282 2598 tiae
305 2559 424 2613 atque
448 2557 698 2600 innocentIae
721 2561 827 2601 statu
846 2559 1074 2601 miserriine
1098 2557 1296 2601 deciderit
1320 2557 1538 2600 humanum
1564 2568 1710 2611 genus,

197 2632 336 2688 ecquis
357 2632 457 2675 satis
481 2644 571 2675 esse
595 2634 794 2676 rationem
816 2632 938 2677 ducat
963 2633 1015 2677 ad
1038 2632 1337 2690 assequendam
1359 2633 1608 2675 veritatem?
1633 2629 1713 2673 Ee-

198 2708 291 2764 quis
315 2709 355 2751 in
380 2709 501 2752 tantis
525 2709 736 2766 periculis,
763 2713 883 2767 atque
904 2711 945 2753 in
964 2714 1074 2754 tanta
1096 2710 1248 2752 virium
1270 2709 1504 2752 infirmitate
1527 2720 1578 2751 ne
1600 2705 1713 2750 laba-

198 2787 265 2827 tur
287 2788 326 2828 et
350 2789 526 2837 corruat,
554 2786 789 2829 necessaria
810 2783 890 2830 sibi
912 2790 1034 2842 neget
1069 2784 1121 2829 ad
1161 2785 1333 2829 salutem
1366 2783 1576 2841 religionis
1607 2781 1712 2826 diri-
