1987 3132
788 78 841 122 14
867 93 960 122 utu
986 78 1115 122 1864.
1476 119 1477 123 ,
1624 80 1706 124 2133

189 188 235 219 ac
261 174 460 218 dominari
500 173 646 227 debet,
671 178 712 217 ut
740 172 909 217 aliarum
949 174 1228 229 cognitiones,
1257 171 1405 230 quibus
1441 174 1628 217 iurentus
1652 174 1710 218 ibi

189 250 402 304 imbuitur,
432 250 556 295 reluti
579 250 834 294 adventiciae
858 254 1095 306 appareant.
1123 248 1381 306 Quapropter
1404 251 1592 293 iuventus
1627 263 1712 294 nia-

190 329 310 372 ximis
334 328 547 385 exponitur
572 325 764 384 periculis
789 327 869 369 nisi
894 327 979 369 eius
1010 327 1051 369 In
1082 327 1317 369 merueratis
1341 324 1489 369 scholis
1513 327 1711 370 Institutio

192 406 423 449 arctissimo
447 417 539 448 cum
562 403 754 460 religiosa
778 401 965 446 doctrina
983 401 1144 446 xinculo
1169 404 1436 446 consocietur.
1465 401 1564 446 Cum
1589 404 1713 458 igitur

189 481 407 540 populares
431 479 594 525 scholae
618 479 669 523 ad
694 479 885 537 populum
911 478 1098 535 religiose
1123 478 1404 531 formandum,
1433 480 1602 536 eiusque
1626 480 1714 537 pie-

189 562 315 602 tatem
333 561 371 602 et
388 555 652 601 christIanam
676 569 834 600 morum
853 555 1110 613 disciplinam
1129 555 1344 600 fovendam
1367 556 1446 598 sint
1469 556 1711 612 praesertim

191 638 389 687 statutae,
416 634 563 677 iccirco
587 646 746 677 omnem
766 631 975 676 Ecclesiae
998 645 1164 684 curam,
1191 631 1506 676 sollicitudinem
1537 636 1575 675 et
1607 633 1712 688 rigi—

192 709 359 754 lantiam
382 722 481 767 prae
498 710 643 753 ceteriS
663 708 913 752 educationis
932 707 1131 752 institutis
1150 707 1229 752 sibi
1252 709 1396 752 merito
1419 712 1539 766 atque
1562 709 1711 765 optInio

189 787 279 830 iure
311 799 473 844 semper
502 785 773 829 vindicarunt.
814 786 873 829 Ac
907 790 1122 843 propterea
1158 784 1326 829 consilia
1361 789 1608 842 conatusque
1646 799 1712 829 ar-

192 862 312 907 cendi
329 876 351 906 a
369 862 631 920 popularibus
656 861 805 906 scholis
830 860 1048 905 Ecclesiae
1071 866 1310 919 potestatem
1335 861 1647 919 proficiscuntur
1665 874 1714 905 ex

194 941 328 983 animo
352 939 484 983 eidem
508 938 715 982 Ecclesiae
739 951 1001 995 summopere
1025 937 1199 982 adverso
1223 975 1231 990 ,
1274 943 1395 996 atque
1418 951 1467 982 ex
1489 936 1622 981 studio
1645 950 1715 983 ex-

195 1015 407 1073 tinguendi
429 1016 471 1059 in
506 1014 664 1072 populis
697 1013 881 1058 divinum
924 1015 1208 1058 sanctissimae
1248 1014 1344 1058 fidei
1366 1019 1528 1058 nostrae
1558 1013 1711 1058 lumen.

190 1091 392 1146 QuocIrca
415 1090 631 1144 Ecclesia,
657 1103 762 1149 quae
803 1089 972 1135 easdem
1008 1090 1190 1134 fundavit
1221 1089 1381 1134 scholas
1421 1104 1580 1134 summa
1619 1103 1717 1135 cura

193 1168 410 1226 studioque
433 1181 502 1213 eas
526 1181 690 1226 semper
713 1173 775 1212 est
800 1171 1065 1226 prosequuta,
1092 1166 1262 1225 illasque
1284 1166 1408 1211 veluti
1433 1168 1628 1225 potiorem
1651 1180 1718 1212 ec-

198 1244 453 1289 clesiastieae
477 1258 576 1289 suae
615 1246 870 1289 auctoritatis
895 1256 941 1288 ac
971 1244 1184 1300 regiminIs
1220 1248 1377 1301 partem
1415 1243 1716 1298 consideravit,

196 1327 235 1367 et
257 1334 536 1380 quaecumque
559 1335 702 1366 earum
730 1320 782 1365 ab
806 1319 996 1365 Ecclesia
1020 1322 1215 1364 seiunctio
1239 1321 1462 1364 maximum
1486 1319 1616 1364 eidem
1639 1321 1720 1366 Ee-

195 1399 360 1452 clesiae,
388 1401 569 1458 ipsisque
592 1398 742 1443 scholis
767 1399 883 1443 affert
909 1398 1216 1442 detriinentum.
1244 1397 1276 1441 Ii
1295 1402 1429 1441 autem
1453 1410 1620 1451 omnes,
1647 1400 1718 1457 qui

194 1490 411 1534 perperam
437 1475 704 1528 contendunt,
733 1474 968 1519 Ecclesiam
1010 1474 1162 1519 debere
1187 1474 1407 1519 salutarem
1441 1488 1556 1519 suam
1580 1475 1720 1521 mode-

194 1554 386 1598 ratricem
410 1554 493 1597 va
515 1567 614 1610 erga
636 1552 853 1610 populares
877 1552 1038 1597 scholas
1077 1552 1279 1610 deponere
1301 1588 1309 1605 ,
1343 1556 1411 1596 aut
1434 1553 1715 1608 intermittere,

192 1630 318 1675 iidem
342 1629 441 1674 nibil
464 1629 574 1674 aliud
597 1630 774 1687 profecto
796 1628 961 1683 vellent,
988 1642 1068 1687 qua
1085 1643 1124 1672 m
1148 1633 1194 1672 ut
1219 1627 1408 1672 Ecclesia
1430 1633 1570 1673 contra
1593 1629 1721 1676 divini

194 1708 260 1750 sui
282 1707 468 1761 Auctoris
493 1705 680 1750 mandata
714 1711 881 1764 ageret,
910 1711 948 1749 et
974 1706 1225 1762 gratissimo
1265 1705 1396 1749 officio
1433 1705 1602 1750 curandi
1634 1720 1720 1751 om-

195 1785 311 1827 nium
333 1782 543 1826 hominum
561 1781 762 1836 salutem,
790 1781 870 1825 sibi
894 1781 1089 1825 divinitus
1114 1783 1359 1834 commisso,
1387 1781 1564 1826 deesset.
1601 1782 1719 1829 Certe

197 1859 363 1918 quidem
397 1857 467 1903 ubi
501 1860 543 1903 in
577 1857 806 1916 quibusque
837 1857 939 1901 locis·
972 1857 1294 1915 regionibusque
1327 1859 1722 1915 perniciosissimum

196 1935 432 1980 huiusmodi
455 1935 519 1979 vel
543 1936 838 1993 susciperetur,
868 1933 933 1979 vel
956 1933 1008 1979 ad
1032 1936 1183 1979 exitum
1197 1934 1490 1992 perduceretur
1506 1936 1720 1981 consillum

198 2011 427 2070 expellendi
450 2025 472 2056 a
489 2009 639 2055 scholis
663 2010 871 2055 Ecclesiae
891 2011 1187 2062 auctoritatem,
1209 2015 1247 2055 et
1270 2011 1458 2055 iuventus
1482 2013 1630 2056 misere
1648 2025 1718 2058 ex-

196 2093 417 2147 poneretur
440 2087 588 2132 damno
625 2089 734 2132 circa
766 2086 916 2139 fidem,
944 2091 1036 2131 tunc
1061 2086 1245 2131 Ecclesia
1274 2100 1352 2131 non
1387 2087 1516 2131 solum
1550 2088 1717 2135 deberet

197 2166 467 2210 intentissimo
492 2165 625 2210 studio
645 2166 778 2209 omnia
797 2165 951 2215 conari,
979 2163 1181 2222 nullisque
1200 2165 1308 2209 euris
1328 2177 1507 2222 unquam
1529 2179 1714 2222 parcere,

198 2247 242 2286 ut
265 2242 407 2287 eadem
429 2244 618 2288 iuventus
642 2243 918 2286 necessariam
944 2240 1208 2285 christianam
1232 2242 1524 2286 institutionem
1552 2246 1590 2286 et
1619 2243 1718 2288 edu-

199 2319 399 2362 cationem
420 2317 583 2371 habeat,
610 2331 754 2362 verum
779 2319 902 2362 etiam
926 2323 1140 2374 cogeretur
1163 2331 1303 2362 omnes
1345 2317 1486 2362 fideles
1521 2332 1685 2364 monere
1703 2355 1714 2373 ‚

198 2395 340 2453 eisque
363 2393 586 2447 declarare,
626 2393 829 2439 eiusmodi
852 2393 1012 2438 scholas
1036 2393 1258 2438 catholicae
1281 2392 1489 2439 Ecclesiae
1522 2394 1716 2440 adversas

198 2469 308 2515 haud
332 2483 450 2528 posse
473 2471 513 2513 in
537 2472 783 2514 conscientia
806 2471 1074 2529 frequentari.

257 2546 348 2591 Tibi
380 2551 530 2599 autem,
555 2546 810 2590 Venerabilis
835 2547 989 2598 Frater,
1031 2559 1289 2604 summopere
1314 2545 1581 2603 gratulamur,
1607 2547 1716 2605 quod

200 2624 422 2669 catholicae
463 2622 672 2666 Ecclesiae
715 2622 923 2668 doctrinae
976 2622 1110 2681 quoad
1155 2624 1376 2666 iuventutiS
1421 2623 1719 2667 institutionem

202 2700 563 2758 educationemque
598 2699 770 2743 firmiter
808 2699 1058 2751 inhaerens,
1090 2698 1174 2743 Tuo
1209 2699 1496 2743 commentario
1528 2698 1717 2744 omnibus

205 2777 462 2835 opinionibus
500 2774 900 2833 ordinationibusque
935 2777 1139 2833 sapienter
1179 2780 1216 2820 et
1239 2780 1469 2821 constanter
1491 2774 1683 2822 obstitisti
1703 2812 1712 2830 ,
