1987 3132
315 120 396 163 138
772 134 991 166 Amorum
1015 136 1139 166 NEMO
1169 138 1368 169 i‘nsrnrn

306 214 447 259 eadem
472 216 745 259 ‹jonventione
769 217 924 260 sancita
945 222 1027 260 tam
1058 220 1238 274 graviter
1260 220 1512 265 violarentur
1531 226 1567 266 et
1587 223 1828 280 frangeren-

308 297 384 342 tur,
406 305 485 335 non
500 291 676 349 amplius
696 292 829 337 locum
847 292 1015 338 liaberet
1034 294 1290 352 indulgentia
1312 310 1335 341 a
1357 297 1484 342 Nobis
1507 298 1558 342 ob
1582 301 1710 357 ipsitls
1724 300 1830 347 Con-

305 370 505 412 ventionis
530 370 727 413 rationem
749 368 959 422 adbibita,
988 383 1068 429 qua
1096 371 1423 426 declarav1mus,
1451 374 1602 419 nullam
1627 389 1649 420 a
1673 376 1824 431 lN'olns,

303 457 351 489 ae
372 445 562 490 Romanis
583 446 846 490 Pontiticibus
870 446 1187 493 Successoribus
1204 449 1363 494 Nostris
1388 451 1617 496 molestiam
1641 465 1710 496 eos
1734 466 1827 498 esse

304 520 539 574 habituros,
566 522 635 580 qui
658 521 870 568 Ecclesiae
893 523 1000 568 bona
1037 530 1130 569 ante
1162 526 1350 571 eamdem
1373 527 1561 572 Nostram
1585 529 1829 574 (Ioni-entm-

305 611 397 642 nem
419 598 593 643 alienata
607 601 927 657 acquisiverant.

363 675 443 719 Sed
480 689 557 719 non
591 675 722 719 solum
764 679 901 721 irritae
942 679 1102 722 suerunt
1136 680 1388 723 iustissimae
1419 681 1590 726 Nostrae
1626 682 1826 727 reclama-

307 753 432 795 tiones
456 789 463 804 ,
491 765 539 797 ae
562 756 850 810 praestantium
876 754 1099 811 Hispaniae
1125 755 1345 800 Sacrorum
1369 757 1607 802 AntIstitum
1633 765 1827 817 expostu-

306 827 491 880 latIOncs,
518 842 662 873 rerum
693 832 814 874 etiam
845 831 1027 876 nonnulli
1057 845 1104 876 ex
1133 835 1445 890 spectatissimis
1471 833 1550 878 iltis
1575 834 1790 894 EpiscopiS
1811 871 1821 888 ‚

304 907 372 961 qui
408 907 551 950 merito
586 911 706 965 atque
741 909 892 964 optimo
930 910 1018 953 iure
1054 912 1384 954 commemorans
1419 910 1580 967 legibus
1609 925 1656 956 ae
1683 911 1828 957 decre-

304 983 354 1024 tis
389 981 642 1035 obstiterant,
679 997 703 1027 a
736 986 909 1041 propriis
943 985 1210 1030 DIoecesibus
1245 987 1442 1032 violenter
1467 988 1600 1033 avulsi
1633 990 1821 1042 suerunt,

304 1063 341 1102 et
371 1059 449 1103 alio
483 1060 688 1104 amandati
717 1074 765 1105 ac
793 1061 978 1119 relegati.
1010 1062 1142 1107 Probe
1165 1063 1409 1120 iutelligit‘1s,
1432 1064 1693 1110 Venerabiles
1728 1065 1827 1109 Fra-

306 1143 401 1186 tres,
429 1149 507 1193 quo
540 1137 803 1181 conficiamur
833 1151 1047 1190 moerore,
1078 1153 1173 1183 cum
1207 1142 1507 1198 conspiciamus
1541 1146 1601 1186 tot
1633 1154 1751 1186 curas
1777 1154 1825 1186 ac

303 1212 595 1258 sollicitudines
631 1228 702 1271 pro
737 1214 1025 1260 ecclesiasticis
1053 1218 1093 1260 in
1119 1216 1186 1260 illo
1216 1217 1359 1274 Regno
1389 1218 1664 1263 instauramus
1700 1231 1827 1275 nego-

305 1290 370 1332 tiis
403 1290 552 1333 frustra
586 1304 609 1334 a
642 1290 769 1335 Nobis
805 1292 932 1336 fuisse
970 1298 1211 1350 susceptas,
1244 1299 1366 1352 atque
1406 1293 1463 1338 ibi
1508 1295 1639 1339 denuo
1675 1294 1825 1339 Christi

302 1364 527 1409 Ecclesiam
552 1368 809 1423 gravissimis
833 1368 958 1425 att‘ligi
981 1368 1307 1423 calamitatibus,
1335 1372 1504 1429 eiusque
1526 1370 1757 1416 llbertatem
1782 1376 1821 1416 et

301 1442 404 1493 iura,
433 1456 479 1486 ac
515 1443 703 1488 Nostram
735 1450 773 1489 et
800 1444 919 1490 huius
950 1445 1120 1491 Sanctae
1151 1446 1269 1491 Sedis
1304 1449 1583 1493 auctoritatem
1612 1448 1824 1493 conculca—

301 1522 351 1563 ri,
376 1519 513 1577 ltaque
535 1520 642 1565 haud
667 1523 776 1579 passi
804 1535 962 1575 sumus,
983 1523 1175 1568 Nostrum
1209 1527 1466 1582 negotiorum
1499 1526 1713 1570 Gestorem
1731 1526 1822 1570 lon-

301 1597 392 1652 gius
422 1596 478 1640 ibi
508 1599 672 1649 morari,
703 1598 843 1656 illique
872 1599 1173 1651 mandavirnus,
1207 1606 1250 1645 ut
1275 1601 1326 1645 ab
1354 1601 1553 1659 Hispania
1585 1601 1818 1654 decederet,

301 1677 339 1716 et
365 1674 405 1716 in
431 1672 535 1717 hanc
563 1673 716 1718 Urbem
757 1674 924 1719 rediret.
964 1675 1234 1719 Vehementer
1275 1676 1443 1733 quidem
1477 1677 1693 1729 dolemus,
1729 1691 1824 1735 pro-

300 1749 551 1806 ptereaquod
579 1750 778 1795 illustrem
805 1749 1018 1808 hispanam
1038 1751 1251 1795 Nationem
1278 1751 1404 1796 Nobis
1432 1751 1483 1796 ob
1515 1754 1710 1797 eximium
1734 1755 1822 1798 eius

300 1826 341 1870 in
371 1838 455 1869 rem
487 1826 728 1871 catholIcam
764 1827 969 1880 studium,
1007 1832 1047 1872 et
1082 1830 1255 1885 egregia
1286 1830 1327 1873 in
1358 1828 1604 1882 Ecclesiam,
1640 1842 1688 1874 ac
1720 1830 1819 1883 Nos,

300 1907 339 1947 et
367 1904 468 1947 lianc
493 1904 767 1961 Apostolicam
793 1904 939 1949 Sedem
969 1907 1115 1950 merita
1146 1919 1409 1964 summopere
1432 1905 1638 1959 dilectam,
1665 1920 1715 1950 ex
1744 1907 1822 1951 hac

299 1992 405 2023 nova
438 1993 648 2025 sacrarum
682 1994 819 2026 rerum
849 1981 1153 2039 perturbatione
1179 1984 1220 2026 in
1252 1982 1462 2039 religionis
1494 1983 1719 2041 periculum
1746 1985 1817 2028 ite·

300 2069 390 2100 rum
433 2056 649 2101 adductam
679 2070 770 2102 csse
801 2059 1086 2116 perspIcImus.
1122 2058 1224 2104 Cum
1261 2063 1398 2102 autem
1426 2058 1650 2116 Apostolici
1680 2059 1820 2104 Nostri

300 2134 515 2176 ministerii
550 2133 728 2178 effictum
756 2135 919 2178 omnino
958 2133 1147 2191 postulet,
1182 2139 1225 2178 ut
1250 2134 1462 2179 Ecclesiae
1488 2148 1655 2179 causam
1690 2134 1819 2180 Nobis

301 2208 495 2253 (livinitus
524 2211 784 2254 commissam
813 2212 904 2254 totis
932 2210 1091 2254 visibus
1124 2224 1444 2268 propugnemus,
1479 2215 1562 2254 tum
1591 2210 1701 2255 haud
1726 2225 1822 2269 pos-

300 2299 458 2336 sumus,
476 2287 573 2343 (prin
603 2286 736 2344 palam
763 2286 1006 2345 publiceque
1033 2300 1081 2331 ae
1108 2286 1354 2331 sollemniori
1380 2287 1501 2332 modo
1526 2288 1694 2332 Nostras
1720 2301 1821 2346 que-

300 2362 406 2406 relas
442 2367 481 2405 et
506 2363 849 2420 expostulationes
883 2364 1152 2420 proferamus.

358 2440 614 2496 Quapropter
647 2441 687 2483 in
711 2439 786 2483 boc
808 2444 945 2483 vestro
974 2452 1171 2484 consessu
1205 2439 1394 2484 Nostram
1423 2439 1651 2485 attollentes
1675 2453 1819 2485 vocem

299 2517 420 2559 etiam
445 2521 566 2573 atque
588 2517 711 2560 etiam
734 2515 784 2559 de
806 2517 856 2560 iis
879 2515 1068 2560 omnibus
1092 2516 1394 2574 expostulamus
1410 2553 1420 2570 ,
1456 2530 1562 2575 quae
1593 2518 1635 2562 in
1668 2516 1820 2573 Hispa-

300 2593 367 2635 nia
389 2606 411 2635 a
435 2591 535 2635 laica
561 2597 756 2650 potestate
799 2605 1012 2650 perperam
1042 2598 1159 2649 gesta
1192 2599 1287 2638 sunt
1329 2598 1369 2638 ct
1400 2598 1597 2651 geruntur
1619 2593 1818 2637 adversus

299 2668 548 2721 Ecclesiam,
577 2671 747 2727 eiusque
769 2669 1014 2722 llbertatem,
1042 2672 1144 2723 iura,
1172 2675 1211 2714 et
1232 2670 1431 2715 adversus
1454 2670 1666 2721 Nostram,
1694 2673 1817 2726 atque

301 2745 421 2790 huius
445 2746 615 2790 Sanctae
639 2745 757 2791 Sedis
780 2748 1085 2800 auctoritatem,
1111 2760 1159 2792 ac
1181 2748 1423 2805 praesertim
1446 2748 1643 2790 maiorem
1666 2746 1707 2789 in
1729 2757 1818 2788 mo-

301 2821 397 2866 dum
433 2822 734 2878 lamentamur,
774 2823 1012 2869 sollemnem
1046 2824 1235 2869 Nostram
1271 2824 1587 2869 Conventionem
1624 2821 1688 2867 vel
1725 2823 1816 2880 ipso
