1987 3132
705 74 757 118 ’Π
784 87 921 118 muru
944 74 1037 118 1812*
1068 110 1075 117 .
1567 75 1652 118 119

128 174 267 216 sancte
290 169 451 222 obeant,
478 174 516 214 et
540 181 751 213 sacrarum
774 169 1016 226 praesertim
1041 167 1350 225 disciplinarum
1381 167 1519 213 studia
1547 181 1653 212 nun-

126 260 249 306 quam
289 248 576 298 intermittant,
619 250 657 290 et
687 246 960 303 sempiternae
999 245 1207 289 bominum
1239 245 1358 290 saluti
1394 244 1653 303 quaerendae

127 324 335 369 assiduam
359 327 504 367 navent
527 335 707 380 operam.
734 322 793 365 Ae
816 323 905 379 pari
929 335 1025 366 cura
1049 321 1260 375 consulite,
1286 326 1330 366 ut
1352 335 1492 366 omnes
1516 323 1654 366 cuius-

127 414 206 460 que
258 400 578 458 Metropolitani,
620 397 874 443 Cathedralis
919 403 957 442 et
1004 397 1236 455 Collegialis
1264 398 1421 456 Templi
1458 398 1652 444 Canoniei

123 478 273 536 aliique
311 477 566 521 Beneficiarii
600 475 723 520 choro
753 474 905 519 addicti
938 488 1097 518 morum
1143 477 1367 532 gravitate,
1406 475 1514 519 vitae
1548 476 1653 520 inte-

125 556 290 611 gritate,
325 566 371 597 ae.
392 554 553 611 pietatis
577 552 710 597 studio
737 551 917 610 undique
940 551 1196 609 praefulgere
1219 551 1409 596 studeant
1440 555 1650 609 tamquam

124 629 313 674 lucernae
336 629 525 674 ardentes
566 631 720 687 positae
757 643 879 688 super
904 627 1194 673 candelabrum
1219 631 1257 674 in
1285 629 1432 688 templo
1454 628 1644 681 Domini,

126 711 167 752 et
188 720 331 751 omnes
362 708 540 765 suseepti
579 707 760 751 muneris
796 711 932 765 partes
956 706 1173 764 diligenter
1195 706 1404 765 expleant,
1442 705 1652 751 residendi

125 783 263 842 legem
295 789 481 837 servent,
504 784 632 828 divini
655 784 785 828 cultus
810 783 1067 842 splendorem
1093 788 1248 836 curent,
1276 787 1396 842 atque
1419 783 1574 827 alacres
1607 783 1649 827 in

127 860 310 905 excubiis
335 861 497 905 Domini
522 860 681 905 dirimas
704 860 847 905 laudes
872 860 1078 914 studiose,
1104 861 1197 915 rite,
1225 862 1304 918 pie,
1332 859 1539 917 religIose,
1566 873 1648 905 non

126 951 225 982 vero
249 943 381 982 mente
405 951 536 995 vaga,
575 950 654 982 non
676 940 795 994 vagis
830 937 981 983 oeulis.
1021 951 1101 981 non
1125 937 1314 981 Indeeoro
1338 938 1518 994 eorporis
1541 941 1649 981 statu

126 1013 433 1065 concelebrem,
462 1015 660 1058 memorIa
682 1026 847 1071 semper
874 1018 1128 1071 repetentes,
1157 1013 1264 1071 quod
1302 1014 1381 1070 ipsi
1404 1012 1456 1057 ad
1479 1012 1650 1057 chorum

124 1089 340 1140 accedunt,
368 1103 447 1134 non
470 1089 590 1134 modo
634 1093 676 1133 ut
700 1090 1002 1134 sanctissimum
1025 1089 1110 1133 Deo
1135 1089 1301 1142 cultum,
1322 1090 1648 1133 venerationem-

123 1178 204 1225 que
226 1166 428 1219 tribuant,
464 1179 605 1210 rerum
637 1167 759 1210 etiam
800 1170 839 1211 ut
876 1180 899 1210 a
920 1165 1005 1210 Deo
1035 1167 1122 1224 ipso
1147 1170 1185 1210 et
1219 1165 1297 1210 sibi
1331 1170 1369 1211 et
1392 1165 1482 1210 aliis
1527 1178 1648 1210 omne

125 1241 278 1288 bonum
302 1243 583 1301 deprecentur.

186 1318 265 1363 Sed
285 1332 405 1378 quam
428 1319 690 1364 vehementer
719 1319 770 1363 ad
794 1318 1117 1363 ecelesiastieum
1156 1320 1344 1377 :spiritum
1369 1318 1578 1369 tuendum,
1607 1323 1646 1362 et

126 1396 360 1449 fovendum,
388 1401 508 1455 atque
530 1396 581 1441 ad
619 1396 836 1441 salutas-em
859 1397 1124 1440 constantiam
1148 1396 1401 1440 retinendam
1437 1396 1646 1439 conferant

125 1472 355 1530 spiritualia
390 1473 611 1529 Exereitia,
651 1475 874 1518 innumeris
899 1474 1045 1517 ieeireo
1082 1486 1154 1531 per
1191 1471 1392 1516 Romanos
1428 1472 1644 1516 Pontifices

125 1548 468 1594 Praedecessores
492 1550 659 1594 Nostros
684 1549 808 1594 ditata
833 1548 1118 1606 indulgentiis,
1160 1551 1334 1606 quisque
1357 1548 1548 1592 Vestrum
1571 1561 1645 1606 op-

123 1626 221 1669 timo
244 1627 389 1670 noscit.
417 1625 480 1671 Ea
503 1626 673 1684 proinde
707 1627 864 1670 eunetis
900 1625 1190 1669 eeclesiaslieis
1214 1626 1364 1669 vestris
1396 1626 1497 1669 'viris
1522 1627 1644 1669 eliam

125 1705 248 1760 atque
271 1704 392 1746 etiam
415 1702 701 1747 commendare
745 1706 783 1746 et
805 1701 1008 1747 inculeare
1027 1715 1075 1746 ne
1100 1701 1313 1756 desinatis,
1334 1714 1413 1760 quo
1437 1703 1515 1759 ipsi
1534 1705 1644 1745 certo

124 1777 285 1823 dierum
307 1780 438 1837 spallo
469 1780 508 1823 in
532 1783 803 1837 opportunum
837 1778 1013 1837 aliquem
1035 1777 1169 1823 loeum
1193 1791 1316 1836 saepe
1339 1777 1548 1830 secedant,
1574 1776 1646 1822 ubi

127 1856 271 1913 quavis
310 1855 580 1899 humanarum
616 1868 752 1899 rerum
776 1867 872 1898 eura
894 1853 1069 1906 abiecta,
1097 1856 1233 1898 omnia
1272 1867 1345 1898 sua
1368 1855 1488 1906 sacta,
1516 1853 1640 1908 dieta,

127 1933 303 1988 cogitata
324 1944 461 1976 eoram
483 1931 568 1975 Deo
591 1944 714 1989 quam
738 1930 1052 1987 diligentissiine
1084 1934 1336 1987 reputantes,
1364 1935 1402 1974 et
1426 1943 1552 1974 annos
1576 1943 1646 1974 ae-

127 2013 264 2053 ternos
288 2008 454 2053 assidua
476 2007 734 2052 meditatione
757 2006 953 2051 babentes
978 2008 1018 2050 in
1042 2010 1191 2059 mente,
1219 2019 1266 2050 ae
1289 2008 1467 2051 maxilua
1490 2006 1644 2051 benefi-

126 2086 191 2130 cia
213 2084 292 2129 sibi
315 2099 338 2129 a
360 2084 444 2129 Deo
469 2084 613 2129 collata.
636 2082 875 2135 recolentes,
904 2082 1093 2126 studeant
1116 2086 1341 2127 contractas
1365 2081 1415 2126 de
1439 2082 1644 2127 mundano

127 2160 296 2219 pulvere
320 2160 462 2205 sordes
499 2160 680 2213 abluere,
708 2164 746 2205 et
784 2160 1030 2204 resuscitare
1066 2160 1256 2215 gratiam,
1283 2172 1387 2217 quae
1421 2160 1523 2217 ipsis
1548 2158 1643 2204 data

129 2242 191 2281 est
228 2251 300 2296 per
323 2239 623 2296 impositionem
661 2250 870 2287 manuum,
899 2241 938 2281 et
961 2235 1210 2294 expoliantes
1234 2240 1414 2280 veterem
1438 2236 1645 2281 hominem

127 2326 223 2357 eum
245 2314 401 2358 actibus
421 2315 506 2358 suis
529 2327 678 2359 novum
702 2313 885 2367 induant,
907 2313 977 2370 qui
1000 2317 1159 2357 creatus
1176 2316 1236 2358 est
1252 2314 1292 2357 in
1316 2313 1468 2357 iustitia
1492 2316 1530 2356 et
1551 2325 1648 2357 san-

128 2391 281 2436 etitate.

188 2467 392 2522 Quoniam
429 2480 526 2511 vero
561 2467 823 2512 Sacerdotem
844 2467 954 2513 labia
981 2466 1193 2512 custodire
1216 2466 1364 2511 debent
1397 2468 1609 2510 seientiam
1630 2500 1641 2517 ,

127 2558 210 2603 qua
231 2549 270 2589 et
292 2543 539 2602 respendere
562 2546 718 2602 possint
740 2546 805 2597 iis,
833 2546 902 2603 qui
924 2544 1058 2602 legem
1080 2545 1293 2602 requirunt
1307 2543 1356 2587 de
1379 2556 1447 2587 ore
1461 2544 1646 2600 ipsorum

129 2626 170 2665 et
187 2620 508 2666 contradicentes
540 2621 764 2673 revincere,
780 2622 942 2674 ieoireo,
962 2619 1211 2664 DileetiFilii
1228 2619 1379 2671 Nostri,
1399 2630 1446 2662 ae
1468 2617 1648 2662 Venera—

130 2696 234 2742 biles
257 2698 434 2749 Fratres,
461 2699 502 2742 in
526 2701 694 2750 reetam,
716 2701 1028 2755 accuratamque
1051 2696 1157 2741 Cleri
1180 2696 1471 2740 institulIonom
1504 2707 1646 2739 omnes

130 2778 289 2820 vestras
312 2788 430 2820 curas
454 2775 698 2820 convertatis
722 2778 893 2831 oportet.
912 2773 1079 2817 Summa
1101 2772 1225 2830 igitur
1243 2773 1496 2817 contentione
1510 2772 1649 2816 omnia
