1987 3132
476 72 691 104 ALroct‘rlo
714 74 755 102 sl
778 73 954 102 semum
980 58 1033 103 ΞΟ
1058 72 1143 102 nm
1170 58 1298 102 1850.
1587 58 1641 102 71

131 158 248 203 [Ionis
271 154 438 214 populos
462 154 513 199 ab
537 152 687 199 infelici
710 152 793 206 illo,
819 154 860 197 in
877 166 957 211 quo
980 154 1129 197 misere
1153 152 1356 205 iacebant,
1379 156 1487 198 statu
1511 154 1643 210 eripe-

127 247 186 285 re,
214 233 376 291 Nosque
401 233 441 276 in
465 231 567 276 hane
590 230 740 275 almam
762 228 916 274 Urbem
940 231 1041 288 ipsis
1066 229 1224 288 populis
1262 243 1361 289 prae
1396 230 1550 274 laetitia
1573 242 1645 287 ge·
1666 258 1667 261 =

126 309 341 355 silentibus
357 314 475 367 atque
494 307 604 352 omni
624 306 822 351 catholieo
840 306 939 351 orbe
956 306 1199 360 exsultante,
1216 307 1412 351 reducere
1430 308 1481 350 sit
1499 307 1644 363 digna-

126 389 207 429 tus.
246 385 385 444 ltaque
407 398 500 429 cum
534 387 625 442 post
655 383 846 427 Nostrum
882 385 922 427 in
960 382 1114 428 Urbem
1150 383 1328 428 reditum
1352 382 1547 428 hodierno
1577 383 1643 428 die

126 460 207 505 Vos
225 464 399 519 primum
425 459 670 519 alloquuturi
694 461 840 512 simus,
867 459 967 503 nihil
992 464 1101 504 certe
1124 459 1252 504 Nobis
1278 462 1427 517 potius,
1454 473 1578 517 quam
1600 464 1643 504 ut

125 538 324 582 maximas
349 542 468 596 atque
491 536 741 580 immortales
765 534 1046 594 Omnipotenti
1074 535 1162 581 Deo
1188 550 1261 594 pro
1288 538 1409 580 tantiS
1432 535 1643 581 benefieiis

124 627 296 670 agamus
320 615 490 672 gratias,
518 627 565 658 ae
589 614 746 658 meritis
769 612 961 657 laudibus
996 626 1296 671 prosequamur
1340 612 1514 669 inclytas
1550 612 1639 657 illas

122 689 313 735 Nationes
333 695 370 734 et
395 690 623 747 Principes,
646 691 716 748 qui
739 703 763 733 a
786 688 870 733 Deo
894 690 982 747 ipso
1000 689 1164 734 excitati
1189 689 1239 733 de
1261 688 1387 734 Nobis
1411 689 1542 747 deque
1564 688 1641 733 hac

124 767 355 825 ApostoliCa
378 766 482 810 Sede
505 768 657 824 optime
680 766 847 818 mererI,
876 770 914 810 et
936 766 1023 810 suis
1047 764 1210 824 oprus.
1238 765 1420 810 consiliis
1453 770 1492 809 et
1514 767 1640 810 armis

123 843 284 887 civilem
308 843 492 888 eiusdem
516 842 634 887 Sedis
658 843 937 900 I'rineipatum
962 844 1066 886 tueri
1088 856 1137 887 ao
1176 841 1410 895 defendere,
1447 847 1486 886 et
1508 841 1641 899 publi-

121 933 211 964 cam
234 922 412 977 quietem
436 925 473 963 et
499 919 685 963 ordinem
709 919 804 963 huie
828 918 929 964 Urbi
953 924 991 963 et
1014 919 1251 963 Pontisieiao
1283 919 1427 963 ditioni
1453 920 1642 962 restitue·

121 1009 166 1040 re
189 1001 270 1040 tam
294 997 555 1040 veliementer
578 995 717 1040 laetati
745 1000 853 1039 sunt.

179 1075 311 1130 Atque
345 1074 569 1129 gratissimi
602 1072 739 1116 Nostri
773 1073 898 1115 aniini
932 1084 1104 1123 sensus,
1143 1075 1181 1115 et
1210 1071 1451 1115 Nostrarum
1473 1070 1641 1115 laudum

122 1151 381 1207 praeconium
406 1151 549 1193 merito
572 1148 650 1193 sibi
674 1149 855 1193 vindieat
877 1150 1117 1192 carissimus
1152 1149 1194 1191 in
1228 1146 1389 1193 Christo
1412 1147 1538 1191 Filius
1561 1147 1641 1191 No-

122 1230 206 1270 ster
228 1226 257 1269 κ’
262 1226 510 1270 ordinandus
533 1225 570 1268 11
593 1227 805 1283 utriusque
823 1225 985 1269 Siciliae
1007 1224 1092 1269 Rex
1116 1224 1303 1269 illustris.
1325 1223 1418 1281 Ipse
1436 1225 1542 1268 enim
1567 1238 1640 1282 pro

124 1304 274 1347 eximIa
296 1316 371 1346 sua
393 1302 605 1358 religione,
638 1303 706 1345 xix
729 1300 827 1344 dum
850 1300 899 1344 de
920 1300 1067 1345 Nostro
1090 1300 1271 1345 Caietam
1295 1300 1473 1344 adventu
1496 1302 1642 1345 certior

124 1381 267 1433 faetus,
293 1377 404 1423 nulla
427 1379 663 1436 interposita
685 1391 799 1422 mera
821 1377 872 1421 ad
896 1377 977 1421 Nos
1006 1377 1201 1421 advolans
1230 1390 1310 1421 una
1340 1390 1431 1421 eum
1456 1377 1641 1433 Augusta

123 1469 196 1500 sua
220 1456 400 1512 Coniuge
425 1455 556 1500 Maria
577 1455 772 1499 Theresia
794 1468 935 1499 omnes
958 1454 1180 1512 singularis
1209 1466 1307 1497 suae
1338 1455 1499 1511 pietatis
1523 1466 1570 1498 ae
1593 1454 1641 1497 fi-

121 1533 227 1577 llalis
252 1546 421 1591 prorsus
439 1532 666 1576 devotimns
690 1536 728 1576 et
752 1531 937 1590 obsequii
954 1532 1273 1588 significationes
1291 1530 1442 1575 Christi
1462 1531 1501 1573 in
1522 1532 1639 1574 terris

121 1608 283 1653 Vieari0
306 1607 500 1653 exhibere
523 1608 786 1652 vehementer
809 1608 1007 1666 gaudens,
1043 1607 1125 1651 Nos
1158 1607 1350 1651 munifico
1375 1606 1548 1664 hospitio
1571 1620 1640 1651 ex-

123 1687 245 1743 cepit,
273 1698 320 1728 ae
345 1689 424 1728 toto
448 1689 654 1741 tempore⁷
681 1697 760 1742 qno
783 1686 824 1728 in
847 1698 920 1729 sno
952 1684 1092 1740 Regno
1124 1684 1271 1728 morati
1300 1696 1459 1734 sumus,
1495 1683 1639 1739 quovis

122 1762 346 1806 officiorum
369 1774 519 1817 genere
554 1761 634 1804 Nos
670 1760 878 1805 eumulare
900 1773 1109 1818 nunquam
1142 1760 1377 1812 intermisit,
1412 1758 1535 1802 veluti
1559 1758 1639 1802 Vos

122 1839 202 1894 ipsi
225 1841 349 1880 testes
371 1836 681 1893 locupletissimi
705 1837 853 1889 suissss,
880 1837 913 1880 V
917 1836 1145 1881 enerabiles
1174 1835 1352 1879 Fratres.
1381 1835 1481 1879 Cum
1505 1839 1641 1879 autem

121 1912 225 1956 aliae
247 1925 406 1970 quoque
440 1912 631 1956 Nationes
656 1912 708 1955 ad
731 1912 893 1956 civilem
918 1912 1174 1970 Apostolieae
1199 1911 1318 1955 huius
1343 1911 1460 1955 Sedis
1484 1911 1640 1955 PrInei-

120 1993 259 2046 patum
296 1987 504 2032 tutandum
544 1993 830 2041 accurrerunt,
863 1988 973 2033 idem
1009 1988 1202 2046 PrIneeps
1238 2002 1334 2032 suas
1379 1989 1468 2045 ipse
1498 1989 1638 2044 copias

120 2063 269 2108 ducere
292 2063 431 2108 voluit.
460 2063 573 2118 Quae
595 2064 760 2122 quidem
785 2066 955 2122 egregia
977 2066 1223 2122 pieansimi
1256 2063 1381 2122 Regis
1416 2065 1457 2108 ln
1488 2063 1570 2108 Nos
1599 2068 1639 2108 et

120 2139 306 2185 eamdem
331 2139 477 2184 §edem
499 2143 643 2185 merita
667 2143 800 2186 animo
823 2141 969 2186 Nostro
992 2143 1048 2185 ila
1070 2141 1193 2185 infixa
1216 2140 1405 2192 haerent,
1432 2144 1475 2184 ut
1497 2141 1638 2184 luenn-

122 2216 216 2261 dam
239 2230 378 2261 eorum
404 2219 645 2262 memoriam
666 2217 777 2262 nulla
799 2231 977 2276 unquam
1001 2217 1138 2262 delere
1161 2219 1290 2276 possit
1319 2216 1484 2261 oblivio.
1521 2217 1639 2261 Nune

121 2306 219 2337 vero
242 2306 389 2349 magno
412 2307 506 2338 cum
528 2293 679 2339 honore
703 2299 741 2339 et
764 2296 933 2352 perenni
957 2296 1063 2352 grati
1086 2296 1210 2338 anitni
1239 2293 1376 2338 Nostri
1408 2295 1638 2338 testimonio

120 2370 365 2414 nominanda
387 2384 409 2414 a
432 2371 556 2416 Nobis
580 2376 641 2416 est
663 2371 891 2416 clarissima
920 2371 1131 2417 Gallorum
1160 2371 1279 2416 Natio
1309 2371 1475 2415 militari
1508 2370 1637 2427 gloria

120 2450 159 2490 et
181 2447 222 2490 in
246 2445 348 2489 hane
372 2446 648 2503 Apostolieam
672 2448 817 2492 Sedem
841 2447 1052 2506 obsequio,
1078 2453 1199 2507 atque
1229 2447 1319 2492 aliis
1356 2452 1412 2492 tot
1445 2460 1544 2491 sane
1567 2459 1638 2490 no—

119 2522 299 2567 minibus
324 2522 507 2575 illustri&
535 2525 647 2568 euius
670 2527 1036 2583 propensissimam
1058 2527 1098 2570 in
1122 2525 1203 2570 Nos
1228 2524 1473 2568 voluntatem
1504 2528 1543 2567 et
1565 2522 1636 2567 be—

119 2600 265 2644 neficia
288 2601 443 2658 experti
466 2613 622 2644 sumus.
651 2601 860 2659 Siquidem
892 2602 961 2646 illa
993 2602 1134 2654 Natio,
1170 2603 1338 2659 eiusque
1371 2599 1634 2657 Reipublicae

121 2676 297 2735 inclytus
320 2677 490 2721 Praeses
522 2676 681 2722 afflictis
710 2677 869 2723 Nostris
905 2683 943 2723 et
974 2678 1207 2723 Pontifieiae
1230 2677 1395 2721 ditionis
1419 2674 1541 2720 rebus
1565 2688 1633 2720 oc-
