1987 3132
295 125 383 169 198
694 137 910 170 Attocrrio
935 139 1179 170 lA.11Dt’Dl·JI
1203 141 1427 170 cmxlm‘s

295 219 498 264 bertatem
521 218 753 278 qulbusque
775 220 916 264 verbis
939 226 977 265 et
1001 223 1180 279 scriptis,
1207 234 1312 280 quae
1336 221 1566 267 Ecclesiam
1597 236 1819 282 omnesque

296 298 377 354 ipsi
394 310 441 339 ex
458 295 580 340 corde
604 296 772 341 devotos
795 303 1054 354 aversantur⁷
1081 312 1127 343 ac
1151 299 1247 344 dum
1270 299 1475 344 licentiam
1497 302 1664 352 animat,
1687 300 1754 345 alit
1779 305 1818 345 et

298 374 430 425 fovet,
456 372 599 417 eodem
633 378 812 432 tempore
835 388 879 419 se
902 377 1064 419 omnino
1101 381 1260 420 cautam
1293 377 1627 435 moderatamque
1657 377 1821 421 exhibet

295 452 339 495 in
362 449 701 507 reprehendenda
723 451 899 496 violenta
922 457 959 497 et
978 454 1123 497 immiti
1148 453 1354 498 interdum
1373 453 1521 511 agendi
1545 455 1702 498 ratione
1725 468 1820 498 con-

298 532 363 572 tra
385 540 453 571 eos
471 527 670 580 adhibim,
691 530 761 586 qui
784 531 936 587 optima
953 530 1123 587 vulgant
1142 532 1292 588 scripta
1311 548 1320 583 ;
1348 536 1386 575 et
1407 544 1567 575 onmem
1591 533 1631 575 in
1651 533 1824 588 punien-

300 603 352 647 do
376 609 536 648 exercet
568 606 857 658 severitatem,
886 608 922 650 si
948 606 1000 650 ab
1026 607 1090 650 bis
1122 607 1411 652 moderationis
1446 608 1548 652 fines
1581 607 1644 652 rel
1679 607 1823 652 leviter

300 682 515 737 praeteriri
540 681 778 726 arbitretur.

360 755 603 802 Huiusmodi
636 761 759 815 igitur
794 759 977 805 civilitati
1002 765 1137 818 posset
1169 773 1220 804 ne
1252 773 1431 819 unquam
1468 760 1676 805 Romanus
1720 761 1824 805 Pon-

299 833 395 876 tifex
427 836 599 879 amicam
622 836 865 893 protendere
888 837 1113 889 dexteram,
1136 840 1174 880 et
1201 850 1294 881 cum
1318 850 1364 880 ea
1381 836 1521 880 foedus
1545 837 1825 881 concordiam-

301 922 380 968 que
414 924 461 955 ex
485 913 619 956 animo
642 914 778 957 inire?
809 914 915 958 Vera
947 913 1070 958 rebus
1095 912 1299 958 vocabula
1323 915 1604 960 restituantur,
1651 918 1689 957 et
1724 913 1826 958 haec

302 986 452 1032 Sancta
484 987 610 1032 Sedes
634 988 713 1034 sibi
737 1002 900 1048 semper
923 990 1142 1034 constabit.
1163 989 1373 1048 Siquidem
1397 992 1485 1047 ipsa
1506 1003 1630 1034 verae
1653 990 1827 1035 civilita-

303 1065 356 1107 t1s
380 1066 632 1108 continenter
655 1066 727 1109 suit
750 1071 919 1123 patrona
942 1072 979 1110 et
1018 1067 1152 1118 altrix;
1189 1072 1309 1124 atque
1346 1066 1538 1110 blsteriae
1567 1071 1827 1111 monumenta

302 1140 633 1198 eloquentissime
657 1146 855 1186 testantur
877 1155 923 1187 ac
945 1143 1136 1201 probant⁷
1162 1143 1351 1188 omnibus
1378 1143 1578 1187 aetatibus
1597 1142 1649 1187 ab
1682 1144 1827 1187 eadem

303 1216 449 1261 Sancta
475 1216 579 1261 Sede
603 1220 643 1261 in
667 1217 1011 1263 disiunctissimas
1045 1232 1228 1278 quasque
1253 1224 1292 1263 et
1315 1219 1514 1263 barbaras
1538 1224 1737 1263 terrarum
1762 1234 1828 1264 or-

302 1292 367 1337 bis
394 1296 580 1350 regiones
617 1307 760 1338 veram
792 1301 1028 1354 rectamque
1051 1297 1175 1340 fuisse
1214 1298 1417 1340 invectam
1449 1308 1608 1339 morum
1644 1294 1832 1340 humani-

302 1374 442 1422 tatem,
481 1370 755 1427 diseiplInam⁷
791 1374 1048 1430 sapientiam.
1076 1372 1128 1416 At
1152 1385 1244 1417 cum
1276 1371 1487 1416 civilitatis
1526 1374 1688 1416 nomine
1732 1372 1832 1417 velit

303 1446 477 1504 intelligi
502 1452 686 1505 systema
709 1452 894 1506 apposite
916 1454 1196 1507 comparatum
1219 1449 1269 1493 ad
1288 1449 1578 1494 debilitandam
1598 1462 1644 1494 ac
1658 1451 1831 1494 sortasse

302 1526 425 1568 etiam
469 1524 684 1569 delendam
709 1525 861 1571 Christi
904 1526 1151 1579 Ecclesiam,
1177 1539 1384 1585 nunquam
1408 1532 1516 1570 certe
1540 1526 1706 1585 quidem
1729 1526 1831 1571 haec

304 1601 452 1646 Sancta
485 1602 611 1646 Sedes
644 1608 682 1647 et
715 1603 920 1648 Romanus
952 1603 1135 1648 Pontifex
1173 1608 1362 1661 poterunt
1385 1616 1476 1647 cum
1501 1603 1736 1647 lmiusmedi
1774 1604 1832 1647 ci-

304 1677 458 1722 rilitate
490 1682 723 1724 convenire.
761 1679 877 1734 Quae
901 1680 1022 1732 enim,
1059 1682 1117 1724 uti
1143 1681 1450 1737 sapientissime
1483 1679 1630 1723 clamat
1660 1681 1834 1736 Aposto-

304 1754 384 1805 lus,
410 1755 674 1813 participatio
696 1756 874 1800 iustitiae
907 1771 997 1800 eum
1021 1756 1253 1814 iniquitute,
1289 1762 1361 1800 aut
1393 1769 1501 1814 quae
1545 1755 1718 1799 societas
1755 1756 1837 1800 luci

306 1830 362 1875 acl
386 1831 602 1875 tenebras?
625 1832 742 1886 Quae
775 1839 911 1877 autem
935 1833 1144 1877 conventio
1171 1832 1329 1876 Clu-iste?
1353 1831 1408 1875 ad
1431 1832 1573 1876 Belial
1597 1832 1648 1876 1?

363 1907 454 1962 Qua
486 1911 613 1966 igitur
637 1910 837 1967 probitate
860 1909 1183 1968 perturbatores,
1219 1915 1257 1954 et
1297 1909 1509 1954 seditionis
1534 1912 1691 1967 patroni
1714 1924 1833 1954 suam

306 1997 449 2029 vocem
482 1986 667 2030 attollunt
698 1986 749 2031 ad
774 1987 1085 2044 exaggerandos
1125 1992 1295 2031 conatus
1319 1987 1471 2030 frustra
1507 1985 1559 2030 ab
1593 1988 1695 2044 ipsis
1718 1986 1836 2031 adhi-

307 2060 433 2114 bitos,
479 2067 521 2106 ut
545 2075 589 2106 se
632 2076 724 2107 cum
758 2063 940 2108 Romano
976 2063 1170 2108 Pontifice
1205 2066 1482 2121 componant?
1514 2063 1591 2106 Hic
1615 2065 1738 2115 enim,
1765 2065 1836 2120 qui

309 2151 426 2182 suam
449 2152 610 2184 omnem
639 2142 722 2184 vim
755 2139 890 2185 haurit
934 2154 983 2184 ex
1017 2144 1204 2185 aeternae
1248 2141 1428 2184 iustitIae
1461 2140 1690 2197 principiis,
1733 2150 1836 2194 quo-

309 2228 405 2259 nam
446 2221 561 2274 pacto
600 2222 737 2274 posset
760 2217 829 2261 illa
862 2231 1040 2276 unquam
1078 2217 1296 2269 deserere,
1323 2220 1366 2260 ut
1398 2217 1657 2260 sanctissima
1690 2213 1838 2259 dobili-

312 2296 417 2335 tetur
440 2292 558 2345 sides,
596 2298 716 2352 atque
758 2294 859 2338 adeo
891 2294 1006 2338 ltalia
1043 2297 1083 2337 in
1117 2295 1337 2337 discrimen
1361 2291 1588 2335 adducatur
1625 2290 1838 2334 amittendi

312 2371 534 2413 maximum
557 2384 676 2414 suum
701 2370 959 2428 splendorem
995 2375 1033 2414 et
1057 2370 1244 2427 gloriam,
1272 2382 1353 2427 qua
1377 2368 1633 2425 umleviginti
1660 2368 1712 2412 ab
1745 2368 1839 2412 hinc

314 2446 490 2490 saeculis
514 2446 682 2502 refulget
719 2447 770 2490 ob
808 2452 993 2491 centrum
1017 2450 1054 2490 et
1093 2446 1249 2497 sedem,
1278 2459 1358 2503 qua
1397 2449 1592 2503 praestat,
1619 2443 1840 2488 catholicae

315 2524 531 2567 veritatis?
554 2524 692 2581 Neque
736 2523 858 2567 obiici
891 2528 1037 2580 potest,
1064 2522 1167 2567 lianc
1211 2521 1488 2581 Apostolicam
1532 2520 1678 2564 Scdem
1701 2522 1742 2563 in
1773 2532 1839 2563 re-

315 2599 393 2644 bus
426 2600 556 2644 civilis
588 2602 840 2658 principatus
882 2599 1042 2643 clausas
1067 2599 1261 2644 habuisse
1307 2612 1430 2643 aures
1463 2597 1623 2642 illorum
1659 2594 1838 2653 postula-

315 2676 511 2732 tionibus,
543 2679 612 2735 qui
637 2676 869 2721 liberiorem
893 2676 1289 2721 administrationem
1309 2680 1505 2733 exoptare
1529 2673 1829 2730 significarunt.

380 2844 398 2878 1
430 2843 545 2888 Epist.
579 2843 625 2880 11.
660 2844 704 2880 ad
736 2842 901 2880 Corinth.
937 2853 970 2880 c.
1004 2842 1064 2879 Vl.
1085 2852 1123 2879 v.
1147 2841 1207 2878 14.
1247 2839 1305 2877 15.
