1987 3132
409 90 625 123 ALLOCL'TIO
648 91 885 122 SINGI'LARI
910 92 1097 127 omnim!
1125 77 1148 118 9
1175 90 1263 120 DEC.
1292 77 1423 120 1854.
1596 76 1675 120 121

218 176 360 234 Neque
384 188 483 219 vero
508 171 818 218 deliberandum
858 173 945 225 suit,
974 174 1088 216 cuius
1121 173 1386 230 potissimum
1409 172 1681 217 adhibeamus

158 253 430 311 patrocinium
453 249 562 308 apud
585 249 802 294 caelestem
834 249 995 292 Patrem
1032 248 1259 302 luminum,
1302 254 1345 293 ut
1382 262 1428 294 eo
1464 249 1682 292 adiuvante

160 330 311 388 alloqui
337 329 416 373 Vos
441 329 647 372 [ructuose
670 327 904 384 possimus;
941 325 1145 384 siquidem
1170 339 1261 371 cum
1286 339 1333 370 ea
1357 326 1408 370 de
1431 339 1554 370 causa
1576 325 1684 383 apud

161 406 240 450 Nos
264 405 563 455 conveneritis,
590 407 634 447 ut
655 401 987 459 conspirantibus
1012 403 1160 446 animis
1181 402 1316 447 studia
1335 438 1343 454 ,
1366 415 1569 460 curasque
1588 414 1684 445 con-

160 483 357 527 ferremus
386 478 674 538 assnplisscando
710 478 853 522 honori
892 483 1093 535 augustae
1125 479 1345 524 Genitricis
1385 478 1461 523 Dei
1498 479 1679 530 Mariae,

161 558 468 604 SanctIssimam
506 558 639 614 ipsam
673 555 913 612 Virginemf,
953 554 1186 613 Sapientiae
1225 555 1372 600 Sedem
1408 554 1459 600 ab
1498 554 1686 599 Ecclesia

161 639 453 692 nuncupatam,
487 634 652 677 iteratis
677 631 869 690 precibus
893 631 1227 685 obsecraxnnus,
1253 637 1297 677 ut
1320 633 1539 690 impetrare
1561 629 1686 674 Nobis

163 711 324 756 radium
347 710 447 755 velit
471 710 697 767 sapientIae
721 708 931 762 caelestis,
960 722 1039 767 qua
1063 708 1290 753 collustrati
1315 722 1362 753 ea
1384 708 1510 753 Volns
1545 707 1687 766 loqua-

166 802 284 840 mur,
313 800 418 846 quae
442 792 481 831 et
504 785 773 831 incolumitati
797 790 835 830 et
860 787 1118 842 prosperitati
1143 785 1359 829 Ecclesiae
1389 784 1466 829 Dei
1488 785 1688 828 maxImo-

164 877 262 923 pere
285 866 363 909 sint
388 864 611 922 profutura.
639 862 824 906 Iamvero
848 875 897 906 ex
920 861 997 906 hac
1020 867 1228 921 tamquam
1264 875 1357 907 arce
1392 861 1603 918 religionis
1627 862 1689 905 in-

167 940 374 986 tuentibus
397 939 523 984 Nobis
565 952 749 984 errorum
787 943 998 991 monstra,
1028 953 1131 997 quae
1169 953 1242 997 per
1266 938 1511 984 catholicum
1548 937 1690 982 orbem

167 1019 243 1063 hac
267 1017 509 1062 difficillima
531 1021 662 1060 aetate
702 1020 967 1073 grassantur,
1013 1015 1114 1060 nihil
1151 1017 1418 1074 opportunius
1454 1016 1589 1059 visum
1629 1018 1691 1058 est

168 1108 290 1153 quam
312 1094 380 1139 illa
404 1093 528 1138 Vobis
551 1093 732 1138 indicare
749 1129 759 1148 ,
780 1098 823 1137 ut
846 1092 897 1137 ad
922 1092 1065 1137 eadem
1090 1092 1334 1137 debellanda
1371 1093 1480 1136 vires
1516 1091 1690 1136 exeratis

166 1176 351 1224 vestras,
377 1169 640 1215 Venerabiles
673 1169 867 1222 Fratres,
912 1170 981 1227 qui
1020 1168 1214 1213 custodes
1251 1169 1476 1227 praepositi
1500 1168 1624 1219 estis,
1653 1172 1692 1211 et

167 1248 445 1306 speculatores
469 1247 607 1292 domui
630 1245 771 1291 Israel.

229 1324 418 1369 Existere
442 1325 565 1368 etlam
587 1336 693 1368 nune
717 1323 937 1367 dolendum
980 1327 1042 1367 est
1073 1324 1247 1381 impium
1279 1321 1585 1367 incredulorum
1622 1332 1694 1378 ge-

170 1416 269 1457 nus,
296 1403 365 1460 qni
388 1413 566 1455 omnem,
609 1401 644 1444 si
666 1400 755 1444 fieri
775 1404 928 1457 posset,
956 1401 1277 1444 exterminatum
1301 1399 1451 1443 vellent
1481 1398 1693 1455 religionis

172 1478 348 1529 cultum,
376 1479 518 1535 eisque
541 1475 837 1520 adnumerandi
861 1478 1052 1534 inprimis
1077 1481 1170 1520 sunt
1194 1475 1541 1520 clandestInarum
1564 1475 1695 1518 socie-

147 1547 150 1549 ’
174 1559 301 1600 tatum
323 1553 537 1612 gregales,
565 1555 635 1612 qui
658 1553 811 1597 nefario
836 1555 940 1597 inter
967 1567 1011 1598 se
1035 1553 1199 1598 foedere
1224 1553 1428 1596 coniuncti
1465 1550 1595 1595 nullas
1616 1563 1696 1594 non

174 1631 368 1678 adhibent
391 1635 498 1676 artes
519 1668 527 1684 ,
553 1634 597 1674 ut
621 1629 852 1688 quibusque
876 1630 1040 1674 violatis
1080 1629 1239 1674 iuribus
1276 1642 1363 1673 rem
1401 1633 1439 1672 et
1463 1640 1626 1672 sacram
1659 1631 1698 1671 et

173 1708 381 1766 publicam
405 1707 670 1765 perturbent,
696 1712 904 1760 evertant,
946 1709 987 1751 in
1027 1720 1128 1765 quos
1166 1707 1348 1764 profecto
1373 1704 1504 1750 verba
1542 1704 1609 1748 illa
1632 1717 1700 1748 ca-

178 1786 277 1830 dunt
300 1785 730 1843 ‹liviniliopatato1-is:
771 1807 788 1825 α
811 1785 892 1829 Vos
917 1797 966 1829 ex
996 1790 1112 1842 patre
1147 1783 1309 1828 diabolo
1343 1784 1468 1837 esus,
1497 1786 1535 1825 et
1575 1794 1700 1839 opera

178 1864 306 1920 patrIs
341 1863 469 1906 vestri
493 1860 613 1906 mltis
653 1862 786 1905 facere
813 1878 850 1904 >m
892 1861 977 1905 Hos
1018 1862 1053 1904 si
1076 1861 1352 1917 excipiamus,
1396 1857 1602 1902 fatendum
1641 1861 1702 1901 est

179 1941 411 1997 praesentis
436 1940 581 1984 aetatIS
605 1938 789 1983 homiues
813 1939 1040 1996 generatim
1065 1937 1287 1982 abhorrere
1311 1936 1363 1981 ab
1395 1934 1704 1980 incredulorum

178 2018 404 2074 pravitate,
431 2021 470 2061 et
493 2015 795 2060 inclinationem
829 2015 1048 2074 quamdam
1082 2016 1310 2059 animorum
1348 2012 1565 2058 ostendere
1604 2023 1703 2067 erga

179 2092 420 2150 religionem
444 2098 481 2137 et
505 2092 643 2137 fidem.
673 2092 767 2137 Sive
791 2094 899 2136 enim
936 2093 1161 2137 facinorum
1192 2091 1244 2136 ob
1268 2092 1524 2135 atrocitatem
1546 2124 1555 2142 ,
1598 2100 1703 2146 quae

179 2172 381 2228 superiori
405 2172 644 2228 praesertim
661 2169 825 2214 saeculo
845 2174 1079 2228 perpetrata
1101 2167 1325 2213 incredulIS
1342 2165 1560 2211 tribuenda
1584 2170 1700 2218 sunt,

186 2259 370 2305 quaeque
393 2249 553 2291 animus
571 2248 807 2291 memmisse
831 2246 1084 2297 reformidat,
1112 2247 1201 2289 sive
1219 2243 1270 2288 ob
1290 2248 1442 2288 metum
1460 2241 1705 2287 seditionum

185 2335 232 2367 ac
255 2321 520 2375 tumultuum,
548 2325 616 2380 qui
639 2322 916 2367 miserandum
939 2324 980 2367 in
1003 2321 1172 2366 modum
1211 2319 1467 2371 convellunt,
1511 2318 1706 2362 afflictant

186 2401 371 2445 nationes
395 2404 433 2443 et
457 2413 609 2457 regna,
635 2401 722 2444 sive
745 2399 921 2458 denique
944 2399 1076 2444 divini
1107 2399 1276 2457 spiritus
1299 2410 1448 2454 opera,
1485 2396 1554 2454 qui
1577 2395 1708 2452 spirat

186 2477 257 2522 ubi
279 2477 392 2531 vult,
420 2477 678 2520 imminutum
693 2490 784 2521 esse
810 2481 922 2534 patet
950 2475 1206 2534 perditorum
1225 2486 1464 2526 numerum,
1487 2473 1557 2529 qui
1576 2472 1709 2515 incre-

187 2554 355 2599 dulitate
377 2566 421 2598 se
443 2554 611 2601 iactent,
640 2558 678 2597 et
701 2553 946 2610 glorientur3
973 2558 1114 2597 contra
1138 2565 1234 2596 vero
1272 2548 1553 2595 commendari
1588 2546 1706 2590 audi—

189 2645 280 2676 mus
304 2629 507 2675 Interdum
531 2631 638 2674 vitae
661 2642 708 2673 ac
731 2642 889 2673 morum
911 2628 1181 2679 honestatem,
1202 2629 1503 2682 excitatumque
1523 2626 1705 2680 praeter-

193 2721 240 2752 ea
261 2710 447 2752 norimus
481 2709 520 2751 in
553 2707 698 2751 animis
722 2705 930 2750 hominum
955 2705 1234 2750 admiratiOnis
1264 2715 1431 2747 sensum
1466 2698 1709 2744 catholicam
