1987 3132
734 51 787 94 17
813 52 1103 95 mim1118336.
1592 49 1674 93 1:51

158 151 202 195 in
236 147 384 206 quibus
416 145 706 192 adolescentuli
739 145 885 190 Clerici
917 145 981 190 rel
1014 145 1065 190 ab
1097 147 1260 190 incunte
1293 149 1423 190 aetate
1458 146 1533 190 rite
1566 146 1682 189 insti-

160 230 338 269 tuantur.

218 301 300 345 Nec
324 302 470 345 minori
493 299 640 351 studio,
666 298 812 343 Dilecti
838 298 927 342 Filii
950 299 1100 349 Nostri,
1128 312 1175 343 ac
1201 298 1462 343 Venerabiles
1488 299 1675 350 Fratres,

158 392 207 423 ea
240 379 375 422 omnia
397 377 567 421 consilia
592 375 855 434 susprienda
879 381 1032 428 curate,
1060 375 1208 433 quibus
1245 380 1477 420 vestrarum
1510 375 1681 420 Dioece-

157 457 266 499 sitim
289 457 475 498 iuventus
499 455 694 511 cuiusque
717 452 977 503 conditionis,
1005 458 1043 496 et
1067 466 1189 497 sexus
1214 454 1347 510 magis
1366 454 1405 496 in
1430 452 1518 496 dies
1544 451 1682 496 catho-

156 530 235 575 Hco
261 531 375 587 plane
399 530 518 574 modo
542 529 751 574 educetur.
779 528 1037 587 Quapropter
1056 528 1300 586 episcopalis
1319 533 1480 573 restrae
1505 528 1682 585 tigilan-

156 609 237 651 Hae
260 620 406 651 neri-es
442 606 651 658 intendite,
691 611 734 650 ut
757 609 944 650 imeritus
969 611 1061 650 ante
1085 608 1220 650 omnia
1255 608 1400 663 spiritu
1426 607 1581 649 timeris
1604 603 1681 649 Dei

154 688 315 729 mature
339 683 508 736 imbuta,
535 697 579 728 ac
607 685 765 741 pletatis
803 683 905 727 lacte
942 685 1116 728 enutrita
1139 683 1288 727 nedum
1312 682 1407 727 fidei
1438 682 1648 726 elementIS
1666 717 1676 732 ,

155 760 230 805 sed
254 760 424 818 pleniori
447 761 729 804 sanctissimae
748 764 911 804 nostrae
926 759 1134 816 religionis
1153 761 1382 817 cognitione
1400 758 1543 804 sedulo
1561 771 1680 803 exco-

155 835 277 889 latur,
304 842 423 895 atque
457 836 508 881 ad
530 838 738 888 xirtutem,
777 849 1020 893 morumque
1044 836 1313 888 honestatem,
1352 835 1678 893 christianaeque

155 914 263 958 ritae
289 916 483 957 rationem
507 914 795 965 conformetur,
840 918 877 957 et
899 912 950 957 ab
975 913 1163 958 omnibus
1188 914 1486 970 persensimus,
1514 918 1551 957 et
1589 925 1678 956 cor-

154 992 355 1048 ruptionis
379 989 599 1042 illecebris,
627 994 663 1034 et
687 989 865 1047 scopulis
888 995 1088 1034 arceatur.
1128 990 1220 1033 Pari
1244 994 1378 1034 autem
1403 988 1677 1033 sollicitudine

152 1080 205 1112 ne
228 1067 424 1111 desinatis
448 1079 625 1125 unquam
648 1065 790 1110 fideles
816 1065 982 1124 populos
1013 1065 1140 1111 Vobis
1173 1068 1414 1110 commissos
1438 1066 1675 1123 opportuniS

153 1143 385 1202 quibusque
406 1143 539 1188 modis
563 1143 615 1188 ad
639 1143 879 1200 religionem
902 1148 939 1187 et
962 1146 1155 1201 pietatem
1178 1146 1299 1188 etiam
1323 1147 1444 1201 atque
1462 1143 1583 1186 etiam
1607 1155 1677 1186 ex-

157 1223 297 1266 citare.
326 1221 462 1279 Itaque
485 1234 533 1265 ea
555 1223 690 1265 omnia
714 1222 911 1277 peragite,
933 1220 1081 1277 quibus
1106 1222 1186 1277 ipsi
1217 1220 1357 1264 fideles
1382 1219 1517 1277 populi
1544 1221 1675 1276 magis

156 1299 200 1342 in
224 1297 310 1341 dics
334 1297 501 1342 salutari
538 1297 759 1341 catholicae
781 1298 964 1341 veritatis
1004 1311 1051 1341 ac
1083 1297 1291 1341 doctrinae
1329 1296 1477 1354 pabulo
1512 1298 1676 1340 enutriti

155 1373 285 1418 Deum
311 1388 360 1418 ex
383 1378 464 1418 toto
487 1374 609 1418 corde
633 1373 819 1430 (litigant,
856 1375 1024 1431 eiusque
1047 1374 1238 1418 mandata
1259 1375 1443 1431 apprime
1477 1376 1643 1416 servent
1663 1407 1673 1423 ‚

155 1450 437 1495 Sanctum-ium
461 1453 548 1495 eius
583 1451 830 1508 frequenter,
859 1463 907 1494 ac
930 1449 1121 1507 religiose
1159 1449 1322 1502 adeant,
1367 1448 1547 1494 Sabbata
1585 1450 1675 1493 eius

155 1528 428 1582 sanctificent,
449 1541 495 1571 ac
517 1540 655 1585 saepe,
683 1540 762 1585 qua
785 1540 856 1585 par
871 1532 946 1579 est,
969 1529 1227 1571 veneratione
1243 1529 1443 1584 etpietate
1467 1532 1551 1571 tum
1573 1526 1679 1570 divi-

154 1607 197 1649 ni
221 1604 419 1649 Sacrificii
453 1604 715 1649 celebrationi
738 1605 940 1657 intersint,
986 1609 1070 1648 tum
1093 1603 1145 1648 ad
1168 1605 1429 1648 sanctissima
1467 1603 1679 1648 Poeniten-

155 1683 251 1733 tiae,
279 1687 317 1725 et
340 1681 625 1726 Eucharistiae
649 1681 912 1725 Sacramenta
935 1681 1145 1734 accedant,
1179 1685 1217 1725 et
1240 1681 1441 1737 singulari
1465 1680 1680 1725 devotione

157 1758 466 1802 sanctissimam
514 1757 589 1802 Dei
630 1757 877 1802 Genitricem
916 1757 1224 1802 Immaculatam
1262 1757 1473 1814 Yirginem
1507 1757 1678 1800 Mariam

156 1839 471 1891 prosetpmntur,
498 1838 535 1878 et
560 1833 706 1885 colant,
734 1846 781 1877 ac
804 1821 986 1877 mutuam
1010 1836 1114 1878 inter
1137 1847 1182 1877 se
1214 1835 1445 1877 continuam
1469 1834 1679 1877 caritatem

155 1909 371 1962 babentes,
416 1915 454 1954 et
488 1909 678 1968 precibus
714 1912 912 1954 instantes
935 1910 1141 1955 ambulent
1176 1910 1297 1967 digne
1329 1909 1414 1954 Deo
1437 1923 1508 1967 per
1542 1911 1678 1954 omnIa

156 1987 380 2044 placentes,
414 1991 451 2031 et
474 1988 513 2030 in
537 1988 646 2031 omni
665 1999 786 2044 opere
804 1985 907 2031 bono
932 1987 1233 2031 fructificantes.
1257 1986 1360 2031 Cum
1383 1991 1517 2030 autem
1537 1999 1681 2030 sacrae

155 2063 373 2108 Missiones
396 2063 554 2108 idoneis
577 2065 774 2121 operariis
814 2068 1002 2120 peractae
1025 2076 1283 2120 summopere
1306 2063 1533 2107 conducant
1557 2062 1607 2107 ad
1630 2063 1680 2106 fi-

158 2140 241 2193 dei,
270 2140 559 2199 religionisque
583 2143 772 2198 spiritum
796 2142 836 2184 in
861 2140 1020 2198 populis
1040 2139 1319 2193 excitandum,
1341 2153 1493 2198 eosque
1520 2139 1572 2184 ad
1595 2141 1681 2184 rir-

157 2219 254 2263 tutis
277 2232 324 2262 ac
346 2218 486 2263 salutis
510 2220 700 2263 semitam
722 2218 989 2271 revocandos,
1017 2217 1278 2262 vehementer
1300 2221 1501 2275 optamus,
1519 2222 1562 2261 ut
1586 2216 1676 2262 illas

155 2294 379 2338 identidem
412 2297 453 2339 in
490 2297 639 2340 vestris
677 2294 945 2340 Dioecesibus
985 2294 1166 2353 agendas
1205 2295 1371 2339 curetis.
1417 2294 1475 2338 Ac
1508 2296 1676 2339 meritas

155 2385 419 2429 summasque
439 2371 578 2417 laudes
600 2374 650 2417 iis
674 2371 862 2418 omnibus
887 2372 1123 2424 deferimus,
1167 2373 1236 2430 qui
1260 2385 1283 2416 a
1307 2377 1443 2416 vestro
1468 2372 1611 2416 ordine
1632 2374 1674 2417 in

155 2463 253 2494 suas
276 2449 494 2493 Dioeceses
519 2454 598 2494 tam
622 2449 798 2494 salutare
819 2463 1030 2494 sacrarum
1057 2449 1305 2494 Missionum
1333 2463 1434 2507 opus
1457 2451 1538 2493 iam
1561 2451 1675 2493 Inve-

153 2539 268 2577 xere,
296 2539 343 2569 ex
366 2539 444 2583 quo
483 2525 621 2570 divina
643 2525 877 2583 adspirante
916 2528 1048 2583 gratia
1085 2525 1235 2570 uberes
1267 2527 1422 2571 fructus
1461 2530 1673 2583 perceptos

155 2602 283 2646 fuisse
307 2601 549 2659 gaudemus.

217 2677 330 2723 Hace
353 2679 609 2737 potissimum
633 2679 674 2722 in
696 2679 776 2722 isto
799 2683 943 2722 vestro
982 2683 1181 2723 conventu
1212 2691 1309 2736 prae
1337 2678 1462 2723 oculis
1488 2677 1672 2724 habeatis

158 2760 330 2813 oportet,
355 2754 504 2800 Dilecti
525 2753 616 2800 Filii
640 2754 791 2808 Nostri,
819 2767 866 2799 ac
888 2754 1154 2799 Venerabiles
1177 2754 1356 2809 Fratres,
1383 2760 1426 2800 ut
1448 2755 1672 2801 communi-
