1987 3132
278 115 335 160 710
693 128 910 159 ,tuoerrio
935 128 1093 165 eivers
1116 129 1395 166 (namrliqlsff

279 215 400 263 sunt,
439 223 486 254 ac
518 211 780 254 meminerint
813 209 911 254 nihil
942 210 1138 268 prodesse
1169 211 1319 255 homini
1355 213 1387 254 si
1420 211 1611 255 mundum
1635 213 1800 258 wne-er-

278 299 369 331 sum
396 286 591 339 lueretur,
631 286 793 329 animae
816 299 912 330 vero
942 300 1041 330 suae
1076 287 1357 331 detrimentum
1386 288 1599 346 petiolum
1634 290 1797 335 audiant

277 368 316 408 et
353 365 408 420 pii
434 363 644 407 Ecclesiae
667 363 768 415 tilii,
808 376 855 407 ae
879 363 1171 421 praestolantes
1207 367 1245 408 in
1270 367 1463 422 patientia
1493 365 1668 410 salutare
1693 366 1792 414 Dei,

277 444 317 484 et
352 442 507 484 maiore
543 453 672 498 usque
707 439 841 484 studio
875 440 1142 485 emundantes
1173 444 1441 486 censcientias
1477 456 1572 486 suas
1606 442 1656 486 ab
1690 444 1798 487 omni

275 517 585 575 inquinamento
626 519 811 575 peccati,
854 519 1139 562 miserationes
1179 517 1341 562 Domini
1382 519 1624 576 implorare,
1668 519 1799 578 Eique

275 595 412 650 magis
439 595 656 651 magisque
679 593 862 651 placere,
897 606 943 637 ac
967 595 1117 651 iugiter
1146 594 1332 638 famulari
1357 595 1617 639 comendam.

338 669 470 727 Atque
505 671 610 713 inter
640 669 740 714 haee
770 670 917 714 Nostra
951 670 1239 714 ardentissima
1275 671 1477 715 desideria
1511 672 1619 715 haud
1656 686 1799 730 possu-

275 757 369 788 mus
404 757 473 788 eos
509 758 587 789 nen
611 758 779 790 monere
803 747 1015 803 speciatim
1053 750 1088 789 et
1122 746 1393 803 redarguere,
1433 749 1501 805 qui
1525 747 1687 792 decreto
1710 748 1794 800 illi,

275 833 356 879 quo
388 820 594 865 Romanus
619 821 801 865 Pontifex
833 823 942 865 omni
966 822 1098 865 cirilis
1133 824 1194 865 sui
1231 824 1391 880 imperii
1414 822 1564 867 honore
1596 837 1643 867 ae
1666 824 1800 880 digni-

280 901 361 941 tate
392 902 453 941 est
478 897 701 955 spoliatus,
738 898 960 956 plaudunt,
994 911 1041 941 ae
1065 898 1273 942 decretum
1298 899 1404 942 idem
1430 898 1480 942 ad
1505 901 1634 956 ipsius
1657 899 1800 944 Eccle-

277 973 364 1016 siae
399 972 628 1018 libertatcm
663 973 975 1033 felicitatemque
1009 974 1309 1032 procurandam
1341 975 1404 1017 vel
1441 976 1616 1019 maxime
1649 975 1800 1019 condu-

278 1061 372 1093 cere
406 1055 610 1094 asserunt.
655 1050 733 1094 Hic
770 1056 902 1095 autem
937 1050 1070 1108 palam
1108 1050 1351 1109 publiceque
1386 1052 1647 1109 profitemur,
1690 1051 1801 1096 nulla

277 1125 362 1169 Nos
387 1126 620 1170 dominandi
645 1127 888 1185 cupidItate,
920 1128 1028 1171 nullo
1052 1127 1287 1185 temporalis
1312 1128 1568 1185 Principatus
1593 1127 1800 1172 desiderio

276 1201 380 1246 haee
405 1202 539 1261 loqui,
578 1204 908 1262 quandoquidem
945 1205 1092 1249 Nostra
1116 1204 1271 1248 Indoles
1304 1209 1341 1248 et
1372 1206 1579 1261 ingenium
1611 1218 1632 1248 a
1657 1207 1800 1262 quavis

277 1278 554 1324 dominatione
578 1281 757 1338 profecto
781 1287 843 1325 est
867 1282 1058 1325 alienum.
1087 1281 1374 1325 Verumtamen
1399 1282 1520 1325 officii
1543 1283 1669 1324 nostri
1696 1283 1800 1324 ratio

278 1355 483 1413 postulat,
525 1361 568 1400 ut
600 1359 639 1400 in
674 1357 786 1400 clvili
820 1357 1077 1414 Apostolicae
1115 1357 1231 1400 Sedis
1266 1357 1499 1414 Prinpratu
1534 1357 1679 1401 tuendo
1712 1359 1801 1401 iura

277 1434 645 1491 possessionesque
677 1432 848 1477 Sanctae
871 1433 1075 1477 Romanae
1100 1433 1334 1484 Ecclesiae,
1371 1438 1492 1492 atque
1522 1434 1705 1478 eiusdem
1729 1433 1802 1479 Se-

279 1507 344 1551 dis
378 1508 634 1562 libertatem,
675 1523 778 1568 quae
814 1523 904 1555 cum
939 1511 1058 1554 totius
1094 1509 1306 1554 Ecclesiae
1338 1509 1526 1554 libertate
1560 1516 1595 1554 et
1630 1510 1800 1555 utilitate

277 1590 343 1630 est
379 1588 617 1639 coniuncta,
658 1590 750 1632 totis
783 1587 942 1631 xirihus
977 1587 1257 1631 defendamus.
1301 1587 1353 1631 Et
1386 1587 1550 1645 (pridem
1586 1587 1796 1641 homines,

278 1663 349 1719 qui
375 1668 689 1707 commemorato
724 1663 961 1721 plaudentes
986 1663 1147 1707 decreto
1183 1667 1260 1706 tam
1286 1663 1388 1707 falsa
1419 1668 1456 1707 et
1483 1663 1663 1708 absurda
1691 1665 1801 1708 altir-

277 1744 414 1789 mant,
458 1739 521 1782 rel
556 1741 768 1796 Ignorant,
809 1739 872 1783 vel
914 1742 1104 1797 ignorare
1138 1740 1355 1791 simulant,
1398 1740 1595 1797 singulari
1629 1755 1799 1799 prorsus

276 1814 453 1859 DiVinae
477 1816 758 1873 providentiae
782 1815 950 1860 consilio
975 1817 1123 1861 factum
1148 1830 1261 1869 esse,
1287 1821 1330 1861 ut
1352 1817 1533 1861 Romane
1561 1817 1734 1875 Imperio
1759 1819 1800 1862 in

275 1890 396 1948 plura
426 1905 576 1948 regna,
616 1894 839 1951 variasque
866 1893 1039 1937 ditiones
1071 1893 1224 1946 diviso,
1263 1893 1468 1938 Romanus
1492 1894 1699 1947 Pontifex,
1735 1894 1800 1938 cui

276 1981 302 2012 a
326 1968 488 2012 Christo
510 1968 683 2013 Domino
717 1971 838 2013 totius
863 1969 1073 2014 Ecclesiae
1097 1972 1282 2027 regimen
1314 1975 1351 2014 et
1382 1984 1478 2014 cura
1512 1971 1585 2015 fuit
1609 1972 1802 2015 commis-

276 2057 349 2099 sa,
376 2044 538 2089 civilem
562 2045 841 2104 P1·1ncipat11n1
865 2046 940 2091 hae
965 2060 1061 2091 sane
1087 2047 1138 2091 de
1162 2060 1285 2091 causa
1308 2046 1500 2099 liaberet,
1528 2052 1569 2091 ut
1593 2047 1645 2091 ad
1670 2049 1800 2106 ipsam

274 2117 508 2165 Ecclesiam
534 2121 784 2179 regendam,
825 2123 993 2180 eiusque
1016 2124 1211 2167 unitatem
1238 2122 1427 2167 tuendam
1459 2123 1576 2180 plena
1601 2123 1668 2167 illa
1698 2125 1800 2180 poti-

274 2201 391 2240 retur
428 2196 639 2250 libertate,
682 2211 787 2256 quae
825 2197 877 2241 ad
915 2200 1094 2256 supremi
1135 2198 1358 2254 ApostolIci
1394 2200 1612 2243 ministerii
1650 2212 1799 2243 munus

275 2271 511 2317 obeundum
542 2275 776 2331 requititur.
818 2274 1002 2332 Namque
1033 2273 1222 2318 omnibus
1257 2279 1510 2333 compertum
1534 2279 1618 2326 est,
1658 2275 1800 2320 fideles

276 2348 473 2407 populos,
509 2355 677 2406 gentes,
712 2363 839 2407 regna
866 2363 1087 2408 numquam
1113 2350 1274 2407 plenam
1298 2350 1490 2395 fiducIam
1514 2356 1552 2395 et
1575 2350 1800 2396 observan-

276 2427 377 2470 tIam
407 2439 499 2470 esse
521 2428 766 2484 praestitura
790 2426 970 2471 Romano
994 2428 1205 2479 Pontifici,
1247 2429 1280 2471 si
1306 2428 1417 2472 illum
1451 2428 1622 2472 alicuitts
1645 2429 1801 2474 Princi-

275 2503 367 2560 pis,
407 2501 471 2545 vel
506 2501 702 2545 (hibernii
730 2502 911 2546 dominio
943 2502 1197 2554 subiectum,
1237 2518 1285 2547 ac
1307 2506 1474 2548 minime
1510 2503 1683 2548 liberum
1706 2517 1798 2548 esse

277 2581 574 2636 conspIcerent.
616 2580 827 2636 Siquidem
850 2579 992 2623 fideles
1016 2580 1177 2637 populi,
1215 2586 1252 2624 et
1284 2595 1410 2638 regna
1445 2581 1706 2625 vehementer
1730 2594 1800 2623 su-

277 2657 457 2713 spicari,
495 2670 540 2699 ae
570 2658 703 2700 vereri
739 2669 960 2715 numquam
994 2656 1254 2709 desIncrent,
1292 2671 1343 2701 ne
1367 2657 1548 2701 Pontifex
1582 2656 1688 2699 idem
1722 2670 1798 2700 sua

277 2734 368 2774 acta
401 2731 453 2775 ad
486 2731 594 2774 illius
620 2731 846 2789 PrIncipis,
885 2731 947 2775 vel
973 2731 1196 2785 (hibernii,
1236 2735 1275 2776 In
1301 2735 1415 2777 culus
1440 2732 1589 2776 ditione
1612 2744 1798 2776 xersare-

277 2809 362 2858 tur,
402 2807 649 2851 voluntatem
680 2808 973 2859 conformaret,
1012 2813 1132 2866 atque
1158 2810 1304 2853 icciico
1334 2811 1435 2853 actis
1460 2807 1539 2852 illis
1573 2806 1649 2851 hoe
1678 2820 1798 2865 prae-
