1987 3132
468 90 686 123 ALLoctTto
710 91 799 120 situ
822 91 963 119 sitnm?
989 76 1041 119 :QG
1067 89 1176 120 11‘L11.
1206 75 1335 118 1855.
1589 76 1672 128 133

161 188 261 235 quas
286 173 542 231 Apostolicae
565 173 910 224 Constitutiones,
938 175 976 216 et
1001 170 1367 217 Oecuinenicorum
1404 170 1675 216 Conciliorum

160 251 326 296 decreta
349 256 488 295 contra
506 251 670 302 iurium,
699 248 978 307 bonorumque
1003 247 1214 293 EeclesIae
1232 249 1442 292 inx·asoi·es
1466 250 1568 292 sacto
1585 249 1674 305 ipso

158 328 426 375 incurrendas
449 328 653 384 infligunt.
681 325 744 370 Ea
768 339 888 383 porro
912 339 983 384 spe
1008 324 1340 370 sustentabamur
1364 325 1477 377 foro,
1504 329 1546 369 ut
1570 326 1670 383 ipsi,

157 407 227 464 qui
251 404 446 449 catholico
469 404 631 448 nomIne
656 401 898 459 gloriantur,
925 407 963 446 et
988 403 1026 446 ln
1048 415 1095 446 eo
1118 406 1328 446 morantur
1351 401 1509 458 Regno,
1536 403 1575 446 in
1594 414 1673 459 quo

157 481 221 526 vel
246 484 381 538 ipsum
404 480 603 524 Statutum
628 478 831 530 decernit,
864 478 1104 522 catholicam
1145 478 1385 534 religionem
1409 490 1500 522 esse
1524 477 1674 521 debere

160 557 288 602 solam
312 559 440 615 ipsius
464 556 593 613 Regni
618 555 872 613 religionem,
900 568 947 599 ae
969 554 1090 599 simul
1115 554 1358 612 praescrIbit
1381 591 1389 607 ,
1416 567 1556 598 omnes
1580 567 1672 611 pro-

158 636 351 692 prietates
374 635 462 677 sine
485 632 568 677 ulla
602 634 838 690 exceonne
871 631 1130 676 Inviolabiles
1169 645 1260 676 esse
1284 631 1482 686 tuendas,
1508 630 1673 675 tandem

160 710 378 768 aliquando
394 711 631 755 iust1ssimis
648 708 954 754 Venerabilium
970 708 1159 753 Fratrum
1177 710 1305 766 ipsius
1320 708 1451 765 Regni
1466 712 1674 766 praestan—

163 788 260 832 tium
284 788 521 831 Antistitum
544 785 960 845 expostulationibus,
987 799 1034 830 ac
1056 785 1214 829 Nostris
1238 786 1392 829 iteratis
1417 784 1673 829 reclamatio-

158 863 308 910 nibus,
338 863 539 922 querelis,
567 864 829 921 paternisque
852 863 1016 906 monitis
1053 863 1245 906 commoti
1268 875 1362 906 suas
1386 865 1572 915 mentes,
1599 874 1672 905 vo-

157 939 414 998 luntatesque
437 939 488 984 ad
507 941 670 984 samora
692 938 860 983 consilia
881 943 1133 990 revocarent,
1155 943 1275 996 atque
1299 952 1322 982 a
1340 937 1568 982 direx-anda
1591 936 1673 981 Ee-

155 1016 280 1060 clesia
303 1016 561 1061 desisterent.
588 1015 723 1070 Quam
746 1028 862 1073 spem
886 1014 1153 1059 ostendebant
1187 1014 1380 1058 nonnulla
1411 1016 1671 1072 potissimum

155 1095 357 1151 promissa
380 1093 526 1137 iisdem
549 1092 765 1151 Episcopis
790 1093 909 1144 sacta,
936 1091 1084 1150 quibus
1109 1091 1232 1135 fidem
1250 1091 1393 1136 haberi
1417 1104 1538 1149 posse
1560 1090 1672 1136 arbi-

155 1169 380 1215 trahamur.

216 1248 266 1289 At
291 1246 472 1290 dolentes
496 1246 696 1299 dicimus,
733 1259 812 1290 non
836 1246 969 1290 solum
1006 1245 1275 1303 Subalpinum
1303 1243 1558 1289 Gubernium
1595 1256 1670 1288 neo

156 1335 326 1366 suorum
345 1321 643 1380 Episcoporum
667 1322 1008 1380 postulationibus
1028 1358 1036 1374 ,
1076 1335 1150 1365 nec
1173 1321 1331 1365 Nostris
1353 1319 1526 1364 vocibus
1555 1319 1669 1364 audi-

156 1404 241 1442 tum
265 1397 475 1456 praebuit,
512 1411 654 1442 verum
690 1400 812 1442 eliam
845 1400 1054 1455 graxiores
1090 1411 1252 1455 semper
1287 1397 1496 1441 Ecclesiae
1519 1410 1567 1440 ae
1590 1396 1670 1439 No-

154 1477 265 1518 strae
290 1479 327 1518 et
350 1473 472 1518 huius
495 1474 751 1532 Apostolieae
780 1474 896 1518 Sedis
920 1475 1147 1518 auctoritati
1179 1475 1356 1518 inferens
1389 1475 1583 1525 iniurias,
1622 1484 1669 1516 ac

152 1550 293 1610 plures
316 1550 483 1595 Nostras
506 1552 817 1610 protestationes
840 1556 878 1595 et
901 1555 1068 1610 paterna
1091 1553 1213 1595 etiam
1247 1552 1398 1595 monita
1429 1549 1546 1607 plane
1574 1561 1669 1594 eon-

154 1632 340 1673 temnens
359 1627 469 1672 haud
488 1628 767 1673 reformidarit
789 1632 1148 1673 commemoratam
1167 1640 1329 1686 quoque
1352 1626 1501 1684 legem,
1528 1626 1668 1670 verbis

154 1703 263 1756 licet,
291 1708 327 1748 et
353 1705 489 1762 speeie
511 1704 689 1763 quadam
713 1708 980 1756 immutatam,
1008 1704 1081 1749 sed
1103 1717 1148 1748 re
1170 1708 1321 1757 tamen,
1349 1704 1428 1748 fine
1451 1716 1497 1747 ac
1521 1705 1667 1761 spiritu

156 1794 324 1839 prorsus
349 1781 548 1826 eamdem
583 1781 837 1839 approbare,
872 1783 1060 1833 sancire,
1088 1785 1127 1825 et
1150 1781 1424 1838 promulgare.
1464 1779 1668 1838 Equidem

156 1858 449 1915 gravissimum
471 1893 479 1910 ,
507 1857 918 1916 molestiSsimumque
942 1858 1067 1902 Nobis
1091 1862 1167 1907 est,
1195 1856 1460 1902 Venerabiles
1484 1855 1662 1909 Fratres,

157 1932 308 1978 debere
331 1932 382 1977 ab
405 1946 451 1977 ea
475 1933 784 1977 mansuetudine
808 1947 855 1978 ae
876 1933 1068 1986 lenitate,
1095 1947 1218 1992 quam
1241 1947 1265 1977 a
1286 1937 1432 1978 natura
1454 1934 1545 1990 ipsa
1566 1932 1666 1977 hau-

156 2012 301 2062 simus,
330 2012 609 2068 expressimus
629 2047 637 2064 ,
663 2016 784 2069 atque
807 2010 859 2055 ab
883 2016 1046 2055 aeterno
1069 2011 1282 2055 Pastorum
1307 2010 1496 2067 Principe
1519 2009 1666 2054 didici-

155 2099 263 2138 mus,
291 2091 328 2130 et
351 2099 474 2145 quam
498 2088 644 2132 iccirco
680 2089 879 2132 constanti
902 2087 1108 2132 voluntate
1132 2099 1294 2145 semper
1327 2085 1599 2130 libentissime
1623 2098 1666 2130 e-

156 2165 416 2216 xercuimus,
455 2163 698 2220 deflectere,
725 2178 772 2210 ae
796 2166 1024 2210 severitatis
1049 2169 1211 2224 partes,
1238 2177 1261 2208 a
1284 2162 1432 2222 qulbus
1472 2167 1665 2221 paternus

156 2239 301 2284 Noster
324 2242 483 2284 animus
506 2241 571 2285 vel
595 2242 770 2285 maxime
793 2241 998 2295 abhorret,
1026 2244 1250 2300 suscipere.
1277 2240 1463 2285 Attamen
1488 2253 1582 2284 cum
1604 2241 1666 2283 xi-

157 2315 342 2369 deamns,
368 2330 526 2362 omnem
545 2332 701 2371 euram,
730 2319 1061 2372 sollicitudinem,
1082 2319 1432 2376 longanimitatem
1455 2322 1492 2362 et
1510 2318 1666 2375 patien-

155 2393 255 2436 tiam
278 2405 348 2450 pro
371 2394 611 2450 reparandis
635 2394 717 2439 illie
740 2395 953 2440 Ecclesiae
972 2398 1101 2440 ruinis
1125 2409 1149 2440 a
1171 2395 1298 2439 Nobis
1331 2407 1401 2439 sex
1426 2399 1465 2438 et
1489 2393 1663 2452 amplius

156 2467 209 2513 ab
233 2467 328 2512 hine
350 2481 476 2512 annos
495 2468 718 2515 adhibitam
740 2471 838 2515 nibil
861 2472 1056 2525 valuisse,
1082 2471 1317 2530 nullamque
1334 2471 1528 2528 affulgere
1551 2483 1664 2528 spem

156 2545 269 2591 fore,
309 2550 348 2589 ut
374 2549 576 2589 tantorum
610 2560 782 2591 ausuum
817 2553 1003 2593 auctores
1025 2548 1151 2592 velint
1183 2547 1480 2592 hortationibus
1514 2545 1665 2590 dociles

155 2622 355 2680 praebere
377 2635 526 2674 aures,
553 2623 882 2681 quandoquidem
904 2626 982 2682 ipsi
1019 2625 1178 2669 Nostris
1201 2624 1364 2667 monitis
1388 2623 1549 2666 omnino
1573 2620 1667 2664 des—

157 2700 286 2755 pectIS
308 2713 388 2744 non
411 2702 572 2744 cessant
595 2701 767 2743 iniurias
792 2701 951 2744 iniuriis
976 2700 1196 2753 cumulare,
1224 2704 1261 2744 et
1284 2701 1419 2743 omnia
1441 2698 1598 2749 conari,
1624 2702 1666 2740 ut

159 2775 200 2818 in
224 2774 444 2834 Subalpino
467 2775 609 2833 Regno
625 2774 871 2829 Ecclesiam,
900 2778 1068 2834 eiusque
1090 2780 1348 2834 potestatem,
1375 2776 1480 2827 Iura,
1502 2772 1665 2817 liberta-
