1987 3132
288 113 372 157 ‘2552
760 129 952 162 Llrrnssffl
976 133 1100 168 (ηψπ
1125 134 1214 163 ,vox
1236 136 1339 163 srvis

348 208 457 252 Nihil
482 222 581 253 vero
605 210 755 253 mirum
795 212 831 254 si
859 211 1091 258 huiusmodi
1128 215 1395 261 funestissimi
1425 231 1523 262 sane
1562 224 1728 264 conatus
1763 222 1804 265 In

289 284 496 344 publicam
521 288 740 332 iuventutis
765 290 1059 335 institutionem
1079 292 1442 353 educationemque
1465 296 1505 339 in
1529 297 1672 353 primis
1696 310 1807 341 com-

284 367 494 421 parentur,
521 363 704 422 nihilque
727 365 1011 420 dubitandum,
1033 371 1129 427 quin
1147 369 1325 415 humana
1349 373 1523 416 societas
1544 374 1804 429 gravissimis

287 439 491 496 repleatur
514 445 551 484 et
589 447 759 486 vexetur
795 443 970 497 damnis,
1005 445 1075 490 ubi
1108 460 1129 490 a
1154 447 1317 505 publica
1341 454 1379 492 et
1403 450 1561 506 prix-ata
1584 451 1806 494 iuventutis

287 516 554 571 institutione,
581 531 661 575 qua
684 520 743 563 rei
766 533 858 564 cum
884 534 1041 575 sacrae,
1070 527 1153 566 tum
1179 524 1365 580 publicae
1391 525 1560 570 felicitas
1599 530 1806 584 tantopere

287 593 529 646 continetur,
566 594 685 638 suerit
707 596 956 641 moderatrix
979 597 1195 643 Ecclesiae
1220 603 1457 654 auctoritas,
1505 605 1673 660 eiusque
1697 602 1806 647 salu-

289 669 406 712 tiFera
429 671 491 713 τῖε
514 675 660 715 amota.
690 671 777 716 Hoc
800 675 908 717 enim
932 674 1049 719 modo
1074 675 1251 720 humana
1274 679 1448 722 societas
1471 691 1568 722 xero
1604 678 1671 722 illo
1695 679 1805 722 chri·

287 747 419 790 stiano
443 748 588 803 spiritu
611 750 766 792 sensim
790 751 990 807 privatur,
1017 753 1086 810 qui
1110 766 1213 796 unus
1238 758 1369 811 potest
1391 758 1430 798 et
1453 753 1604 812 publici
1628 754 1801 808 ordinis,

287 823 675 883 tranquillitatiSspie
696 827 958 873 fundamenta
980 829 1180 874 stabiliter
1203 844 1386 884 servare,
1414 844 1461 875 ac
1477 844 1623 875 verum
1644 832 1806 876 utilem-

289 912 368 957 que
392 900 598 945 civilitatis
622 915 886 960 progressum
909 906 1071 950 efficere
1094 919 1142 950 ac
1176 907 1397 960 moderari,
1434 913 1472 952 et
1506 921 1553 952 ea
1576 909 1711 952 omnia
1732 907 1806 952 ho·

287 975 470 1020 minibus
494 978 691 1036 praebere
714 980 915 1033 subsidia,
943 996 1048 1041 quae
1072 983 1123 1028 ad
1146 984 1333 1029 ultimum
1357 999 1476 1029 suum
1510 990 1601 1043 post
1623 984 1805 1029 mortalis

285 1052 457 1099 huiusce
480 1057 588 1100 vitae
612 1061 807 1102 statutum
829 1059 951 1103 finem
984 1061 1310 1120 assequendum,
1346 1062 1501 1106 scilicet
1523 1062 1575 1106 ad
1598 1066 1805 1107 aeternam

285 1131 458 1176 salutem
483 1132 746 1178 obtinendam
770 1141 863 1181 sunt
886 1140 1134 1182 necessarIa.
1162 1139 1213 1183 Et
1237 1153 1335 1184 sane
1360 1140 1571 1192 institutio,
1598 1152 1703 1197 quae
1725 1152 1804 1183 non

286 1207 416 1252 solum
440 1223 576 1253 rerum
601 1210 811 1256 (huntaxat
833 1214 1079 1258 naturalIum
1103 1217 1333 1271 scientiam,
1361 1230 1409 1260 ac
1434 1221 1617 1260 terrenae
1641 1215 1804 1259 socialis

287 1286 396 1330 vitae
420 1287 521 1330 fines
548 1293 720 1345 spectat,
749 1303 891 1334 verum
916 1293 1038 1335 etiam
1061 1306 1084 1336 a
1103 1292 1343 1337 veritatibus
1367 1307 1391 1337 a
1413 1291 1497 1337 Deo
1520 1292 1710 1337 revelatis
1734 1292 1806 1336 de·

287 1361 409 1414 cedit,
438 1363 476 1406 in
502 1366 652 1409 erroris
690 1366 971 1426 mendaciique
990 1369 1180 1427 spiritum
1203 1368 1438 1427 prolabatur
1456 1374 1627 1427 oportet,
1649 1373 1688 1414 et
1704 1369 1807 1413 edu—

287 1440 410 1491 catio,
437 1452 541 1497 quae
564 1442 653 1484 sine
676 1441 923 1488 christianae
945 1444 1169 1499 decumae,
1198 1459 1442 1505 morumque
1470 1445 1710 1504 disprlinae
1732 1459 1807 1490 au-

286 1513 382 1558 xillo
408 1519 564 1561 teneras
600 1517 920 1565 adolescentium
959 1527 1131 1576 mentes,
1170 1536 1393 1582 eorumque
1431 1536 1550 1567 cerea
1588 1524 1628 1566 in
1658 1524 1805 1566 ritium

287 1591 393 1634 flecti
413 1592 533 1635 corda
557 1594 760 1647 informat,
782 1609 862 1640 non
884 1603 1015 1655 potest
1038 1612 1114 1642 non
1141 1613 1283 1657 parere
1302 1601 1556 1657 progeniem,
1584 1612 1687 1656 quae
1710 1611 1803 1655 pra-

286 1668 350 1711 vls
384 1668 673 1725 cupiditatibus
708 1674 1213 1732 propriisquerationibus
1241 1680 1393 1719 tantum
1430 1679 1628 1733 permota,
1664 1678 1703 1718 et
1725 1676 1803 1718 im-

283 1743 403 1802 pulsa
425 1748 623 1791 maximas
647 1752 731 1792 tum
756 1752 924 1807 privatis
965 1752 1144 1806 familiis,
1184 1757 1266 1797 tum
1307 1751 1558 1811 rOIpubhcae
1595 1751 1709 1795 affort
1733 1763 1804 1795 ca-

286 1820 502 1868 lamitates.

351 1898 401 1943 At
425 1913 522 1944 vero
546 1914 637 1946 eum
661 1902 895 1949 huiusmodi
919 1907 1229 1963 perniciossima
1253 1905 1424 1950 docendi
1449 1907 1551 1950 ratio
1575 1907 1760 1950 seiuncta
1781 1917 1806 1948 a

291 1974 491 2021 catholica
514 1977 592 2022 fide
616 1983 656 2024 et
677 1979 729 2024 ab
753 1980 961 2027 Ecclesiae
993 1987 1188 2040 potestate
1219 1984 1396 2027 maximo
1429 1984 1480 2027 sit
1506 1980 1738 2026 hominibus
1766 1984 1808 2025 et

291 2054 480 2098 societati
503 2055 666 2110 damno,
688 2057 786 2102 dum
805 2060 940 2116 agitur
964 2059 1014 2104 de
1032 2061 1176 2105 litteris
1199 2058 1557 2118 severioribusque
1579 2057 1806 2116 disciplinis

292 2130 518 2184 tradendIs,
547 2146 592 2177 ac
616 2133 665 2178 dc
689 2134 926 2181 educatione
950 2137 1132 2182 curanda
1155 2139 1195 2182 in
1218 2137 1368 2182 schoIIS
1393 2136 1646 2195 publicisque
1683 2135 1806 2178 Insti-

293 2208 418 2262 tutis,
446 2222 549 2266 quae
574 2209 873 2258 honestioribus
894 2216 1097 2259 societatis
1134 2214 1335 2259 classibus
1370 2219 1463 2258 sunt
1485 2213 1709 2264 destinata,
1738 2224 1805 2256 ec—

293 2285 385 2342 quis
409 2298 487 2328 non
512 2286 644 2338 xtdet,
674 2289 797 2333 multo
831 2293 1021 2347 graviora
1056 2291 1162 2336 mala
1194 2296 1232 2336 et
1255 2291 1402 2335 (lamna
1437 2304 1485 2334 ex
1508 2289 1582 2334 hac
1617 2288 1806 2334 methodo

291 2359 508 2414 derivare,
547 2365 582 2407 si
606 2365 749 2408 eadem
773 2367 813 2410 In
848 2367 1064 2425 populares
1101 2368 1318 2412 inducatur
1353 2366 1543 2411 scholas?
1578 2365 1739 2411 EtenIm
1764 2367 1809 2410 in

292 2436 405 2481 hisce
428 2440 683 2495 potissimum
718 2441 868 2486 scholis
891 2457 1031 2488 omnes
1066 2446 1261 2502 cuiusque
1285 2457 1306 2487 e
1329 2443 1476 2502 populo
1514 2443 1656 2487 classis
1688 2443 1806 2501 pueri

293 2513 356 2557 vel
381 2527 404 2558 a.
428 2518 575 2560 teneris
599 2519 716 2562 annis
748 2522 1032 2565 sanctissimae
1055 2526 1216 2565 nostrae
1239 2521 1461 2578 Religionis
1494 2521 1722 2578 mysteriis,
1757 2531 1807 2563 ac

291 2594 643 2650 praeceptionibus
667 2595 808 2640 sedulo
844 2601 937 2640 sunt
962 2596 1198 2650 erudIendi,
1241 2602 1280 2642 et
1303 2597 1355 2641 ad
1379 2599 1591 2655 pietatem,
1626 2607 1803 2640 morum-

293 2681 373 2726 que
397 2668 673 2724 honestatem,
701 2677 740 2717 et
763 2672 813 2717 ad
838 2673 1100 2731 religionem,
1135 2674 1378 2733 civilemque
1410 2673 1575 2718 vivendi
1608 2674 1806 2716 rationem

296 2751 484 2790 accurato
510 2748 724 2792 tlh-mandi.
764 2750 896 2808 Atque
920 2756 958 2794 in
983 2751 1138 2795 eisdem
1162 2750 1312 2796 scholis
1335 2750 1528 2808 religiosa
1564 2749 1806 2806 praesertim

293 2821 478 2868 doctrina
499 2826 554 2869 ita
577 2826 817 2883 primarium
840 2828 881 2871 in
904 2829 1153 2873 instihltiOne
1171 2832 1209 2873 et
1227 2827 1464 2872 educatione
1482 2827 1614 2870 locum
1632 2824 1802 2879 habere,
