1987 3132
300 107 356 151 14
680 117 868 148 musrom
892 114 1110 147 numenei
1133 115 1208 151 οἵ]
1231 115 1450 144 meminus

300 200 490 247 Iraln'lz'or
513 197 623 243 omni
642 196 783 254 qlrrdio
807 195 976 254 ancipili
999 197 1017 231 1
1048 195 1098 239 ad
1122 197 1352 239 animarum
1376 194 1548 238 salutem
1575 200 1636 240 est
1660 197 1821 242 institu-

298 285 380 331 tus,
407 279 688 322 mimstrorum
710 275 808 317 vitio
831 274 1107 317 infructuosus
1133 272 1304 324 evadat,
1333 271 1517 316 eiusdem
1553 271 1680 316 divim
1704 273 1820 318 verbi

302 353 573 414 praeconibus
590 351 808 402 inculcare,
833 351 1072 408 praecipere
1094 361 1317 407 numquam
1342 348 1531 400 desinite,
1555 348 1820 395 Venerabiles

300 434 479 479 Fratres,
505 435 547 474 ut
571 429 862 486 gravisSImum
886 429 947 471 sui
971 428 1152 471 munerIs
1186 427 1363 470 ossicium
1399 427 1535 470 animo
1565 431 1817 484 reputantes,

301 508 585 565 evangelicum
608 505 881 549 ministerium
904 516 982 547 non
1005 504 1045 547 in
1070 502 1413 559 persuasibilibus
1432 502 1635 547 humanae
1658 504 1823 561 sapien-

300 588 380 632 tiae
404 583 556 635 rerbis,
578 596 655 626 non
679 583 719 625 in
744 581 911 638 profano
934 581 1067 624 manis
1092 583 1130 623 et
1155 579 1396 624 ambitiosae
1421 579 1673 637 eloquentiae
1697 592 1823 637 appa·

298 667 391 707 ratu
415 666 452 705 et
475 660 688 712 lenocinio,
715 657 788 702 sed
811 659 850 701 in
874 657 1107 701 ostensione
1131 657 1299 713 spir‘Itus
1335 661 1373 699 et
1407 657 1571 700 virtutiS
1595 655 1822 711 religiosis-

299 741 405 785 sime
427 740 662 787 ex'erceant,
690 739 733 779 ut
755 738 864 778 recte
900 737 1119 777 tractantes
1151 731 1324 776 verbum
1346 733 1548 785 veritatiS,
1583 737 1622 777 et
1653 745 1733 779 non
1756 745 1822 777 se-

301 818 522 874 metipsos,
564 812 637 857 sed
672 811 879 856 Christum
909 809 1157 854 Crucifixum
1192 807 1503 866 praedicantes,
1539 810 1823 853 sanctissimae

300 898 465 940 nestrae
487 890 696 947 religionis
720 888 939 944 dogmata,
980 890 1197 944 praecepta
1232 887 1342 929 iuxta
1366 884 1587 930 catholicae
1610 884 1822 930 Ecclesiae

301 976 341 1016 et
364 971 529 1014 Patr-um
553 967 778 1010 doctrinam
801 965 916 1021 gravi
941 976 988 1007 ac
1010 961 1226 1019 splenditlo
1258 963 1452 1006 orationiS
1488 974 1639 1018 genere
1662 962 1822 1020 populls

301 1048 411 1092 ctare
434 1049 653 1103 aperteque
676 1043 934 1091 annuncient,
956 1039 1178 1097 peculiaria
1202 1038 1457 1094 singulorum
1480 1039 1611 1082 osticia
1633 1043 1823 1083 accurate

300 1122 522 1181 explicent,
550 1131 772 1176 omnesque
803 1131 827 1161 a
862 1117 1026 1172 uaginis
1062 1115 1309 1166 deterreant,
1349 1114 1399 1158 ad
1439 1115 1630 1171 pietatem
1664 1115 1824 1158 inflam-

301 1203 430 1252 ment,
455 1211 535 1256 quo
558 1195 700 1239 fideles
724 1194 797 1238 Dei
820 1192 948 1237 verbo
971 1191 1191 1236 salubriter
1226 1190 1372 1235 imbuti
1407 1194 1528 1248 atque
1563 1191 1703 1234 resecti
1726 1192 1824 1235 vitia

301 1278 441 1322 omnia
476 1273 692 1325 declinent,
731 1273 903 1315 wirtutes
941 1274 1162 1320 sectentur,
1204 1272 1324 1325 atque
1359 1269 1414 1311 ila
1449 1271 1636 1312 aeternas
1671 1280 1824 1325 poenas

302 1353 493 1404 evadere,
521 1355 558 1394 et
581 1350 799 1393 caelestem
823 1346 995 1404 gloriam
1019 1346 1213 1403 consequi
1236 1343 1416 1388 valeant.
1445 1343 1669 1389 Universos
1694 1343 1823 1388 eccle-

304 1431 493 1476 siasticos
517 1429 626 1471 viros
650 1439 722 1483 pro
747 1424 940 1482 pastorali
962 1427 1100 1467 restra
1124 1420 1397 1466 sollicitudine
1421 1425 1459 1464 et
1482 1420 1696 1478 prudentIa
1718 1422 1824 1466 assi-

306 1508 386 1553 due
409 1509 582 1555 monete,
610 1504 795 1554 excitate,
822 1505 866 1545 ut
890 1502 996 1544 serio
1020 1501 1245 1555 cogitantes
1270 1499 1554 1549 ministeriimi,
1576 1497 1683 1555 quod
1705 1510 1824 1542 acce—

305 1587 453 1643 perunt
476 1584 516 1625 ln
539 1580 727 1630 Domino,
760 1590 901 1621 omnes
939 1578 1093 1634 proprii
1128 1576 1310 1619 muneris
1347 1578 1481 1631 partes
1510 1573 1824 1630 diligentissime

305 1659 517 1717 impleant,
545 1657 689 1701 (ternus
715 1654 788 1698 Dei
812 1653 1002 1698 decorem
1026 1664 1287 1708 summopere
1316 1650 1511 1706 diligant,
1539 1655 1659 1707 atque
1680 1651 1824 1694 intime

304 1738 467 1796 pietatis
491 1747 614 1779 sensu
637 1735 725 1776 sine
748 1731 1050 1775 intermissione
1078 1731 1230 1772 instent
1264 1725 1622 1771 obsecrationilms
1659 1731 1698 1771 et
1731 1739 1824 1784 pre-

305 1813 439 1864 cibus,
467 1817 505 1855 et
528 1811 751 1854 Canonicas
775 1806 895 1851 horas
919 1819 968 1850 ex
991 1804 1204 1849 Ecclesiae
1229 1808 1446 1862 praecepto
1470 1802 1720 1861 persolvant,
1742 1816 1824 1860 quo

305 1896 346 1937 et
369 1891 505 1934 divina
529 1887 607 1932 sibi
632 1884 782 1930 auxilia
815 1883 867 1927 ad
902 1883 1147 1940 gravissnna
1181 1881 1303 1925 oflicii
1335 1881 1399 1924 sui
1435 1892 1604 1924 munera
1634 1878 1824 1924 obeunda

306 1969 542 2025 impetrare,
569 1970 607 2007 et
631 1962 761 2006 Deum
784 1960 1004 2005 christiano
1024 1958 1170 2017 populo
1190 1957 1394 2015 placatum
1417 1969 1464 2001 ac
1488 1957 1707 2014 propitium
1730 1955 1825 2001 red-

307 2044 406 2089 dere
429 2042 601 2101 possint.

368 2120 470 2164 Cum
491 2122 641 2168 autem,
668 2113 931 2160 Venerabiles
954 2112 1140 2164 Fratres,
1166 2114 1345 2155 vestram
1380 2110 1623 2167 sapientiam
1656 2110 1824 2152 minime

308 2199 453 2255 fugiat,
481 2195 648 2239 idoneos
671 2190 1126 2236 Ecclesiaeministros
1162 2188 1323 2232 nonnisi
1356 2199 1405 2230 ex
1442 2187 1591 2243 optime
1625 2186 1825 2230 institutis

309 2274 470 2319 clericis
494 2273 581 2315 lieri
608 2283 741 2328 posse,
770 2278 1042 2323 magnamque
1076 2265 1160 2308 vim
1183 2266 1223 2308 in
1247 2268 1358 2307 recta
1392 2262 1536 2306 borum
1572 2263 1826 2307 institutione

307 2351 362 2396 ad
385 2350 586 2407 reliquum
609 2349 717 2391 vitae
739 2358 905 2390 cursum
928 2345 1076 2387 inesse.
1116 2342 1275 2399 pergite
1311 2352 1453 2384 omnes
1484 2338 1729 2397 episcopalis
1753 2351 1826 2383 ve-
1859 2373 1862 2375 .

309 2429 385 2473 stri
408 2426 481 2471 zeli
504 2438 650 2469 nervos
675 2426 715 2468 in
739 2422 779 2466 id
798 2422 1055 2479 potissimum
1074 2417 1299 2469 intendere,
1318 2423 1362 2461 ut
1381 2415 1661 2461 adolescentes
1685 2415 1823 2460 cleriei

307 2504 374 2549 vel
398 2518 422 2547 a
445 2503 593 2547 teneris
616 2502 734 2545 annis
759 2505 842 2544 tum
866 2498 916 2542 ad
942 2500 1132 2556 pietatem
1155 2494 1406 2552 solIdamque
1424 2495 1635 2546 virtutem,
1665 2496 1747 2536 tum
1770 2490 1823 2536 ad

306 2582 462 2626 litteras
486 2580 796 2635 severioresque
827 2574 1089 2632 disciplinas,
1128 2574 1369 2631 praesertim
1391 2584 1547 2623 sacras,
1584 2571 1660 2613 rIte
1697 2568 1824 2612 insor-

304 2662 482 2704 mentur.
507 2656 644 2710 Quare
663 2653 787 2699 Vobis
806 2652 905 2698 nibil
923 2652 1143 2710 antiquius,
1164 2649 1264 2695 nibil
1284 2651 1414 2709 potius
1434 2660 1526 2694 esse
1545 2645 1684 2699 debet,
1700 2657 1824 2704 quam

371 2822 389 2858 1
419 2821 474 2858 Aa
502 2820 614 2858 llebr.
642 2819 677 2856 4.
708 2818 745 2855 V.
775 2817 833 2854 12.
