1987 3132
747 61 801 104 15
827 74 925 105 ltxu
949 60 1079 105 18:57.
1591 63 1674 106 167

154 156 385 210 NoscimuS,
412 154 559 199 ilsdem
581 153 699 199 libris
721 153 829 198 laedi
853 154 1093 199 catholicam
1115 156 1360 200 sententiam
1379 169 1426 201 ac
1445 155 1673 201 doctrInam

156 231 206 277 de
228 231 417 283 homine,
445 233 514 290 qui
537 244 706 289 corpore
730 235 768 275 et
791 232 928 275 amma
951 232 1006 276 ita
1029 230 1265 276 absolvatur
1284 268 1292 287 ,
1318 237 1363 277 ut
1385 234 1521 278 anima
1544 247 1673 292 eaque

152 308 358 354 rationalis
382 310 433 352 sit
456 322 555 352 vera
578 321 650 366 per
673 321 732 360 se,
762 312 881 366 atque
904 307 1140 352 immediata
1159 310 1342 366 corporis
1366 310 1511 354 forma.
1535 310 1676 369 Neque

152 386 404 443 ignoramus,
422 398 469 429 ea
487 383 632 428 iisdem
647 383 765 428 libris
783 383 919 428 doceri
943 388 981 428 et
1004 385 1143 439 statui,
1165 397 1269 443 quae
1285 384 1510 430 catholicae
1528 386 1676 430 doctri-

152 475 226 506 nae
249 462 297 506 de
320 474 510 519 suprema
532 460 607 504 Dei
630 459 819 505 libertate
843 474 865 504 a
888 462 1032 518 quavis
1056 463 1301 506 necessitate
1326 461 1460 506 soluta
1483 463 1524 505 in
1549 461 1672 506 rebus

151 537 414 597 procreandis
438 538 558 595 plane
581 536 864 581 adversantur.
892 537 1024 595 Atque
1042 537 1140 581 illud
1165 539 1287 582 etiam
1310 538 1373 582 rel
1394 540 1571 583 maxime
1594 540 1671 582 im-

151 613 404 672 probandum
427 627 474 657 ac
497 613 789 666 damnandum,
818 613 926 672 quod
949 612 1239 658 Giintherianis
1260 614 1376 659 libris
1390 614 1591 660 humanae
1610 629 1673 659 ra—

149 690 247 734 tioni
271 694 307 734 et
331 689 636 748 philosophiae,
663 702 767 748 quae
789 691 830 733 in
861 689 1068 746 religionis
1093 689 1218 734 rebus
1242 704 1321 735 non
1346 691 1572 744 (lomInari,
1600 691 1673 736 sed

150 766 334 811 ancillari
357 769 518 811 omnino
541 766 704 818 debent,
733 768 957 824 magisterii
980 768 1043 810 ius
1067 772 1219 811 temere
1244 767 1486 812 attribuatur
1508 782 1555 812 ac
1579 782 1672 826 pro-

149 847 288 901 pterea
311 845 446 887 omnia
468 843 775 901 perturbentur,
808 856 910 902 quae
941 844 1180 888 firmiSsima
1215 858 1380 889 manere
1410 844 1558 889 dehent
1587 850 1673 889 tum

150 918 200 963 de
223 919 479 963 distinctione
502 921 606 963 inter
628 920 839 963 scientiam
864 925 902 963 et
925 919 1063 972 fidem,
1096 925 1176 964 tum
1203 920 1252 964 de
1276 923 1444 978 perenni
1468 921 1563 965 fidei
1596 923 1672 965 im-

148 995 430 1047 mutabilitate,
452 1008 556 1054 quae
578 1009 659 1039 una
681 1008 858 1053 semper,
881 1000 1000 1054 atque
1020 996 1164 1040 eadem
1184 1001 1261 1049 est,
1284 997 1379 1041 dum
1399 996 1668 1055 philosophia,

147 1070 430 1129 humanaeque
454 1071 695 1129 disciplInae
718 1084 848 1130 neque
873 1085 1034 1129 semper
1055 1071 1134 1116 sibi
1159 1077 1362 1125 constant,
1384 1086 1514 1131 neque
1538 1078 1630 1117 sunt
1649 1086 1673 1117 a

147 1146 360 1204 multiplici
385 1161 567 1191 errorum
601 1149 796 1192 varIetate
832 1149 1049 1192 immunes.
1089 1148 1282 1201 Accedit,
1318 1162 1393 1193 nec
1425 1162 1473 1193 ea
1502 1149 1670 1193 Sanctos

147 1223 288 1267 Patres
312 1225 537 1268 reverentia
557 1224 853 1282 habe1·i,quam
877 1224 1147 1269 Conciliornm
1164 1224 1348 1270 Canones
1367 1225 1665 1284 praescribunt,

148 1313 349 1359 quamquo
382 1300 717 1359 splendidissima
748 1300 961 1344 Ecclesiae
992 1300 1145 1346 lumina
1175 1303 1338 1346 omnino
1367 1308 1665 1360 promerentur,

146 1389 221 1421 nec
245 1376 296 1421 ab
320 1379 369 1421 iis
389 1379 428 1421 in
449 1377 666 1421 catholicas
687 1376 858 1421 Scholas
877 1377 1058 1421 dicteriis
1077 1377 1288 1430 abstineri,
1312 1392 1415 1436 (prae
1434 1379 1671 1424 recolendae

144 1456 365 1497 memoriae
394 1454 489 1497 i‘Ius
521 1453 573 1497 vl
601 1453 802 1497 Decessor
828 1453 974 1497 Noster
1006 1453 1241 1498 solemniter
1271 1455 1493 1499 damnarit.
1530 1456 1669 1514 Neque

145 1529 304 1573 silentio
328 1529 663 1588 praeteribimus,
693 1531 732 1573 in
759 1528 1048 1573 Giintherianis
1079 1530 1195 1574 libris
1220 1531 1283 1575 vel
1318 1533 1494 1575 maxime
1524 1531 1668 1575 violari

142 1620 283 1651 Sanam
313 1607 502 1665 loquendi
536 1608 728 1658 formam,
764 1619 811 1650 ac
843 1607 878 1650 si
908 1606 1047 1650 ficeret
1078 1606 1299 1651 verborum
1326 1608 1507 1666 Apostoli
1540 1607 1669 1652 Paulli

147 1682 331 1728 oblixtsci
359 1684 395 1736 1,
419 1689 486 1728 aut
504 1683 650 1727 horum
667 1697 769 1742 quae
785 1684 1194 1740 gravissimemonuit
1211 1684 1479 1741 Augustizfms:
1505 1704 1520 1724 α
1542 1684 1668 1730 Nobis

152 1776 168 1798 α
198 1759 249 1802 ad
273 1764 427 1802 certam
451 1761 632 1816 regulam
658 1759 766 1818 loqui
791 1760 849 1804 sas
875 1765 950 1811 est,
973 1773 1023 1803 ne
1047 1759 1265 1804 verborum
1288 1761 1450 1805 licentia
1473 1763 1592 1805 etiam
1617 1761 1668 1805 de

151 1853 168 1875 α
196 1834 335 1887 rebus,
358 1849 462 1893 quae
485 1835 547 1879 his
567 1836 865 1892 significantur,
888 1838 1054 1893 impiam
1076 1839 1215 1894 gignat
1240 1839 1468 1895 opinionem
1494 1837 1515 1873 '2
1539 1856 1575 1881 >n
1603 1838 1667 1882 Ex

143 1911 290 1970 quibus
313 1912 500 1956 onmilms
525 1913 702 1970 profecto
723 1912 866 1964 rides,
902 1911 1057 1956 Dileete
1091 1912 1162 1956 Fili
1186 1913 1358 1966 Noster,
1386 1927 1465 1972 qua
1499 1928 1596 1959 cura
1627 1920 1665 1960 et

147 1988 279 2032 studio
303 2002 395 2032 cum
418 1987 523 2041 Tibi,
548 1993 629 2032 tum
650 1988 963 2033 Venerabilibus
982 1988 1193 2034 FratrIbus
1218 1989 1436 2048 EpiscopIs
1455 1991 1551 2035 Tuis
1575 1991 1669 2035 Sus-

147 2065 351 2121 fraganeis
389 2067 437 2109 sit
464 2065 770 2122 advigilandum
792 2083 799 2109 :
837 2070 879 2109 ut
902 2064 953 2109 ab
984 2067 1073 2109 istis
1097 2065 1364 2111 Dioecesibus
1389 2066 1665 2112 GiintherIana

145 2155 266 2198 opera
291 2147 571 2195 amoveantur,
600 2147 635 2186 et
660 2155 739 2201 qua
762 2142 961 2200 singulari
984 2142 1256 2187 sollicitmline
1280 2143 1586 2198 excubandum,
1613 2158 1665 2189 ne

145 2217 327 2261 doctrina
350 2219 503 2262 eisdem
527 2218 720 2277 operibns
755 2224 941 2264 contenta
965 2225 1001 2264 et
1025 2221 1104 2263 iam
1129 2222 1357 2278 proscripta
1381 2220 1461 2265 ullo
1484 2234 1663 2280 unquam

144 2293 264 2337 modo
288 2295 374 2337 sive
395 2296 436 2338 in
462 2294 774 2353 philosophicis,
802 2298 890 2340 sive
907 2298 946 2340 in
968 2296 1204 2354 theologIcis
1229 2297 1455 2354 disciplinis
1477 2311 1497 2341 a
1517 2299 1662 2355 quotis

145 2371 186 2414 in
208 2374 414 2428 posterum
439 2372 647 2426 tradatur,
677 2378 744 2417 aut
774 2372 1075 2431 comprobetur.
1103 2374 1185 2418 Iam
1220 2387 1316 2418 tero
1348 2373 1443 2418 dum
1468 2373 1664 2418 Giintheri

144 2460 265 2504 opera
289 2446 519 2491 damnanda
542 2461 632 2492 esse
656 2452 915 2503 censuimus,
943 2463 990 2494 ac
1019 2463 1254 2503 censemus,
1282 2450 1389 2494 haud
1423 2462 1657 2508 possumus,

143 2524 240 2581 quin
265 2523 337 2567 tibi
366 2524 673 2580 significemus,
700 2527 836 2583 ipsum
855 2525 1058 2571 Dilectum
1082 2526 1228 2571 Filium
1259 2526 1549 2583 Presbyterum
1580 2527 1663 2569 An-

204 2701 222 2736 1
250 2699 284 2735 ⁵2.
306 2700 351 2736 ad
373 2699 554 2736 Thimoth.
579 2699 634 2736 13.

205 2763 226 2800 2
251 2763 302 2801 De
321 2763 428 2802 Cirit.
450 2764 514 2801 Dei
532 2764 597 2802 lib.
623 2763 680 2802 10.
702 2774 781 2812 cap.
806 2765 865 2806 23
