1987 3132
354 127 407 168 96
592 136 794 168 mmmm
817 137 876 166 AD
900 135 1199 166 APOSTOLICAE
1227 122 1280 167 22
1305 136 1474 168 Arersrl
1497 123 1627 167 1851.

352 220 456 263 natis
482 219 663 276 pascuis,
691 217 766 262 hoe
790 221 851 261 est
874 216 926 261 ab
949 216 1094 262 horum
1111 217 1309 262 librorum
1340 217 1511 262 lectione
1542 222 1727 262 avertere
1761 222 1871 263 sata-

354 300 475 351 gant;
515 300 553 338 et
587 296 779 353 quoniam
816 312 833 333 α
872 296 1022 338 veritas
1045 308 1136 338 eum
1174 295 1342 338 minime
1377 293 1633 347 defenditur,
1675 295 1871 352 opprimi—

354 375 419 415 tur
445 370 462 406 1
483 389 519 423 »‚
535 384 695 415 murum
718 383 906 422 aeneum⁷
925 375 963 415 et
987 370 1216 415 columnam
1231 371 1404 415 ferream
1423 383 1515 415 sese
1533 372 1776 415 constituant
1799 384 1871 429 pro

354 446 474 491 domo
495 447 572 492 Dei
595 452 734 492 contra
756 447 995 506 vaniloquos
1031 451 1069 491 et
1103 447 1354 500 seductores,
1394 449 1463 506 qui
1494 447 1630 491 divina
1653 451 1773 505 atque
1795 446 1871 491 hu-

355 538 475 568 mana
497 526 585 568 iura
609 538 678 568 sus
708 524 840 582 deque
877 527 1098 569 miscentes
1121 537 1254 583 neque
1290 524 1458 569 Caesari
1481 537 1585 583 quae
1609 528 1702 568 sunt
1724 522 1872 568 Caesa-

353 603 426 653 r1s‚
454 614 583 659 neque
605 615 708 659 quae
729 601 806 645 Dei
829 606 937 654 sunt,
963 601 1049 646 Deo
1071 603 1149 660 ipsi
1173 602 1405 655 reddentes,
1433 601 1710 646 Sacerdotium
1733 605 1771 645 et
1794 602 1870 645 im-

353 679 513 735 perIum
536 681 793 723 committunt
816 680 920 723 inter
945 692 1004 732 se,
1031 684 1152 737 atque
1175 679 1276 723 adeo
1310 681 1507 737 impetere
1545 684 1778 737 utrumque,
1811 683 1871 722 at-

352 767 431 813 que
454 760 637 799 evertere
660 757 935 800 connituntur.

414 831 465 876 Ut
489 837 623 876 autem
647 836 884 890 praesentes
915 831 1090 876 Litterae
1128 831 1317 876 omnibus
1352 833 1608 876 innotescant
1644 845 1720 876 nee
1757 833 1869 890 quis-

353 922 474 966 quam
498 908 659 952 illarum
684 909 956 965 ignorantiam
980 912 1218 966 praetexere
1242 914 1279 953 et
1303 908 1482 966 allegare
1504 908 1653 960 valeat⁷
1680 908 1869 952 volumus

356 998 402 1029 ae
425 984 630 1039 lubemus,
658 987 769 1043 ipsas
793 985 843 1028 ad
874 985 1015 1029 valvas
1038 985 1239 1030 Basilicae
1262 985 1548 1044 Apostolorum
1586 985 1802 1044 Principis,
1835 990 1874 1030 et

357 1061 633 1106 Cancellariae
656 1061 928 1120 Apostolieae,
957 1075 1111 1106 necnon
1137 1062 1281 1106 Cui-lae
1304 1061 1514 1106 Generalis
1537 1063 1577 1106 in
1601 1062 1735 1106 Monte
1765 1061 1873 1106 Cita-

359 1140 477 1191 torio,
505 1144 544 1182 et.
567 1141 606 1182 in
631 1140 717 1182 acie
743 1138 885 1195 Campi
908 1138 1050 1182 Florae
1074 1138 1124 1182 (le
1153 1138 1263 1183 Urbe
1286 1152 1358 1196 per
1393 1138 1571 1197 aliquem
1605 1151 1652 1182 ex
1687 1138 1872 1183 Cursori-

356 1214 434 1259 bus
457 1215 629 1265 Nostris,
656 1220 698 1258 ut
724 1216 845 1258 moris
870 1218 946 1267 est,
975 1214 1192 1272 publicari,
1235 1214 1477 1273 itlarumque
1500 1214 1684 1272 exempla
1706 1214 1763 1258 ibi
1786 1214 1872 1258 affi-

356 1305 409 1335 xa
431 1291 603 1349 relinqui
623 1309 632 1344 ;
660 1293 718 1335 sie
742 1305 837 1335 vero
861 1292 1002 1335 affixas
1025 1304 1072 1335 ae
1096 1290 1320 1349 publieatas
1344 1291 1514 1349 perinde
1531 1304 1672 1335 omnes
1690 1292 1867 1344 afficere,

358 1367 410 1411 acl
433 1380 534 1426 quos
557 1372 741 1426 spectant
763 1403 772 1419 ,
799 1380 846 1412 ae
869 1369 905 1412 si
928 1368 1145 1426 unicuique
1168 1367 1329 1412 illorum
1351 1368 1618 1426 personaliter
1641 1368 1872 1412 notificatae

357 1449 478 1502 atque
512 1447 719 1489 intimatae
756 1445 941 1489 fulssent.
980 1445 1259 1489 Praesentium
1295 1458 1455 1504 quoque
1485 1445 1729 1489 Litterarum
1763 1449 1871 1488 tran-

358 1522 531 1578 sumptis
547 1523 667 1565 etiam
692 1522 922 1579 impressis,
943 1535 1067 1566 manu
1090 1521 1260 1571 alicuius
1283 1521 1436 1580 publici
1453 1521 1607 1566 Notarii
1629 1521 1871 1580 subscriptis

356 1602 392 1641 et
418 1597 559 1653 Sigillo
583 1611 781 1654 personae
801 1600 841 1641 in
865 1597 1154 1642 Ecclesiastiea
1191 1599 1389 1655 (lignitate
1423 1600 1663 1642 constitutae
1688 1600 1866 1651 munitis,

357 1672 541 1717 eamdem
566 1674 688 1716 sulem
713 1676 751 1717 in
776 1675 925 1719 iudieiO
957 1679 995 1718 et
1032 1679 1146 1719 extra
1168 1674 1311 1719 haberi
1335 1674 1538 1727 volumus,
1578 1687 1682 1733 quae
1716 1674 1871 1718 eisdem

355 1749 418 1792 bis
441 1748 675 1801 haberetur,
705 1751 741 1794 si
764 1751 893 1794 forent
916 1750 1120 1795 exhibitae
1142 1750 1206 1795 vel
1230 1755 1430 1795 ostensae.

410 1900 559 1944 Datum
583 1901 750 1954 Romae,
779 1901 886 1960 apud
909 1907 1093 1947 sanetum
1116 1903 1295 1956 Petrum,
1335 1903 1411 1948 sub
1440 1903 1599 1948 Annulo
1631 1904 1864 1956 Piscatoris‚

353 1977 418 2021 die
439 1976 557 2021 XXlI
580 1978 770 2035 Augusti,
792 1993 857 2023 an.
886 1979 1128 2026 MDCCCLI.
1152 1981 1412 2025 Pontificatus
1432 1980 1568 2026 Nostri
1587 1981 1703 2026 Anno
1727 1981 1862 2026 Sexto.

1196 2133 1247 2178 A.
1284 2133 1438 2180 CARD.
1475 2134 1868 2180 LAMBRUSCHIM

419 2820 432 2854 1
466 2820 500 2856 S.
524 2820 621 2856 felix>
642 2820 702 2858 ΙΙΙ.
725 2821 810 2858 (list.
833 2821 889 2858 853.
