1987 3132
677 75 700 117 9
724 87 948 119 Novmissms
974 75 1104 119 1846.
1164 105 1167 107 »
1588 77 1643 121 Π

131 169 360 216 visceribus
379 169 530 215 Christi
551 169 659 223 Iesu,
681 170 790 213 omni
814 170 973 221 affectu,
1000 169 1185 222 consilio,
1209 183 1331 228 opera
1348 171 1504 223 iuvare,
1523 174 1644 229 atque

130 260 211 292 una
233 245 455 290 Vobiscum
478 247 518 289 in
543 244 617 288 Dei
641 244 813 301 gloriam
837 250 873 289 et
899 245 1139 290 catholicam
1165 246 1286 290 sidem
1315 247 1526 300 tuendam,
1553 261 1647 305 pro-

131 322 363 381 pagandam
389 327 466 366 toto
490 326 651 378 pectore
674 321 926 373 incumbere,
956 326 993 366 et
1025 324 1182 367 animas
1220 323 1355 367 salvas
1392 324 1539 375 facere,
1576 337 1647 382 pro

132 400 281 458 quibus
306 401 430 443 vitam
453 400 601 455 ipsam,
629 399 664 441 si
687 411 788 456 opus
813 400 946 449 suerit,
977 399 1219 456 profundere
1243 401 1371 457 parati
1394 413 1552 452 sumus,
1578 413 1648 445 ve-

133 478 232 529 nite,
267 476 442 526 Fratres,
481 474 748 525 obtestamur,
786 480 823 519 et
858 474 1138 528 obsecramus,
1167 477 1300 520 venite
1324 489 1471 532 magno
1495 477 1644 524 animo.

132 565 360 610 magnaque
384 551 534 595 fiducia
556 551 609 595 ad
633 551 735 595 hanc
761 551 990 595 Beatissimi
1023 551 1307 609 Apostolorum
1344 552 1545 610 Principis
1577 551 1648 596 Se-

134 628 241 680 dem,
268 627 496 673 Catholicae
514 630 679 672 unitatis
698 633 896 680 centrum,
920 633 1042 686 atque
1062 627 1332 686 Episcopatus
1350 630 1524 686 apiCem,
1541 628 1648 673 uude

134 706 223 763 ipse
246 704 545 762 Episcopatus,
586 717 634 748 ac
665 709 744 748 tota
778 704 962 748 eiusdem
1000 706 1176 748 nominis
1213 707 1431 749 auctoritas
1466 706 1646 756 emersit,

134 783 270 825 venite
292 781 343 824 ad
366 781 447 825 Nos
470 782 806 839 quotiescumque
828 781 1012 831 Nostrae,
1053 785 1091 825 et
1121 780 1304 825 elusdem
1331 780 1448 824 Sedis
1473 782 1647 825 auctori-

138 859 233 902 tatis
258 871 350 914 ope,
377 858 540 908 auxilio,
569 856 772 913 praesidio
796 857 875 900 Vos
898 856 1083 913 indigere
1106 859 1316 901 noveritis.

195 934 240 977 In
264 947 353 978 eam
376 947 496 990 porro
520 946 635 990 spem
659 935 854 990 erigImur
878 935 976 985 fore,
1003 939 1047 977 ut
1069 933 1283 978 Carissimi
1306 935 1347 977 in
1370 932 1529 978 Christo
1558 932 1650 978 Filii

133 1009 270 1053 Nostri
294 1009 379 1052 Viri
402 1009 611 1067 Principes
638 1023 709 1066 pro
742 1022 881 1053 eorum
909 1011 1080 1066 pietate,
1116 1013 1153 1052 et
1190 1009 1387 1065 religione
1422 1011 1462 1052 in
1499 1021 1652 1053 memo-

134 1085 237 1129 rIarn
261 1089 496 1129 revocantes
522 1085 678 1143 reyz'am
699 1090 941 1144 potestatem
963 1084 1042 1127 sibi
1062 1099 1140 1129 uon
1170 1084 1301 1129 solum.
1337 1084 1392 1129 ad
1423 1084 1568 1129 mundi
1586 1098 1654 1128 re-

134 1161 285 1219 yz'men,
311 1160 385 1205 secl
409 1161 581 1205 maxime
605 1160 660 1204 ad
684 1160 899 1205 Ecclesiae
918 1159 1172 1219 praesidium
1197 1175 1284 1205 esse
1319 1160 1511 1205 collatam
1540 1160 1574 1214 1,
1612 1165 1651 1206 et

137 1237 219 1282 7Nos
243 1252 332 1281 eum
355 1237 571 1282 Ecclesiae
597 1251 778 1289 eausam,
813 1243 894 1281 lum
922 1251 1061 1281 eorum
1096 1238 1215 1295 requi
1241 1252 1380 1296 affere,
1417 1242 1454 1281 el
1483 1237 1642 1287 salutis,

139 1320 182 1357 u!
209 1314 514 1372 prom'nce'arwn
547 1329 713 1358 suarum
743 1314 878 1372 quieto
913 1314 1001 1357 iure
1034 1314 1246 1372 potiuntur
1274 1315 1294 1350 2
1313 1350 1322 1367 ,
1363 1313 1646 1359 communibus

138 1391 289 1433 nostriS
324 1392 446 1442 rotis,
485 1391 682 1443 consiliis,
722 1391 868 1435 studiis
899 1404 971 1435 sua
1007 1404 1082 1448 ope
1116 1395 1153 1434 et
1193 1392 1433 1435 auctoritate
1473 1392 1647 1443 faveant,

138 1469 259 1524 atque
293 1467 421 1523 ipsius
454 1465 666 1510 Ecclesiae
690 1466 921 1511 libertatem
944 1466 1344 1525 incolumitatemque
1379 1466 1582 1522 defendat,
1609 1470 1651 1511 ut

137 1547 175 1586 el
206 1541 362 1586 Cla-isti
384 1541 554 1586 (testera
581 1557 719 1587 eorum
744 1542 993 1601 defendatur
1018 1538 1232 1601 imperium
1259 1544 1294 1586 3.

195 1617 309 1672 Quae
331 1620 466 1662 omnia
489 1623 529 1662 ut
553 1632 764 1676 prospere,
792 1619 1047 1677 feliciterque
1083 1632 1131 1663 ex
1162 1621 1363 1664 sententia
1406 1619 1643 1671 succedant,

136 1694 330 1740 adeamus
353 1708 444 1739 cum
469 1695 632 1748 fiducia,
659 1695 924 1740 Venerabiles
950 1696 1129 1748 Fratres,
1172 1696 1225 1740 ad
1260 1696 1448 1740 thronum
1474 1698 1645 1753 gratIae,

137 1777 257 1831 atque
280 1774 492 1816 unanimes
516 1774 556 1816 in
581 1772 806 1816 bumilitate
829 1772 964 1816 cordIs
989 1774 1116 1816 nostri
1152 1773 1314 1817 Patrem
1350 1773 1651 1817 mIsericordia-

139 1862 231 1892 rum
253 1853 291 1892 et
314 1847 446 1892 Deum
471 1850 591 1892 totius
614 1848 900 1892 consolationis
936 1851 1066 1892 enixis
1099 1849 1290 1907 precibus
1319 1851 1407 1893 sIne
1442 1851 1650 1894 intermis-

139 1926 253 1968 sione
277 1923 555 1976 obsecremus,
582 1929 626 1968 ut
651 1937 720 1982 per
743 1926 889 1968 merita
912 1923 1121 1981 Unigeniti
1145 1924 1235 1968 Filii
1274 1926 1337 1969 sui
1373 1925 1651 1969 infirmitatem

139 2005 323 2045 nostram
345 2002 526 2044 omnium
550 2000 787 2044 caelestium
811 2000 1113 2045 Charismatum
1136 2001 1252 2058 copia
1276 2000 1483 2045 cumulare
1507 2000 1650 2058 digne-

140 2081 219 2131 tur,
248 2082 366 2135 atque
389 2079 653 2135 omnipotenti
674 2091 748 2122 sua
771 2079 921 2122 virtute
951 2083 1154 2135 expugnet
1178 2079 1465 2134 impugnantes
1498 2091 1587 2131 nos,
1614 2082 1654 2122 et

140 2153 295 2212 ubique
317 2158 462 2211 augeat
485 2154 623 2206 fidem,
652 2156 859 2212 pietatem,
887 2154 1160 2207 devotionem,
1187 2167 1347 2213 pacem,
1374 2168 1447 2212 pro
1470 2154 1656 2199 Ecclesia

144 2243 219 2274 sua
241 2235 395 2284 sancta,
422 2231 611 2275 omnibus
634 2230 953 2276 adversitatibus
976 2236 1015 2275 et
1038 2231 1247 2276 erroribus
1270 2233 1432 2290 penitus
1467 2231 1654 2284 sublatis,

144 2308 396 2364 optat1ssima
419 2307 711 2366 tranquillitate
734 2309 904 2361 fruatur,
932 2321 979 2352 ac
1002 2309 1071 2352 fiat
1094 2322 1219 2353 unum
1255 2308 1361 2353 ovile
1394 2313 1432 2352 et
1456 2321 1560 2352 uuus
1582 2320 1654 2365 pa-

144 2388 243 2427 stor.
272 2382 321 2427 Ut
345 2388 477 2427 autem
500 2383 843 2429 clementissimus
882 2384 1081 2428 Dominus
1114 2384 1272 2429 facilius
1309 2384 1474 2429 inclinet
1511 2397 1653 2428 aurem

146 2472 263 2504 suam
287 2460 328 2503 in
364 2472 506 2517 preces
531 2465 689 2505 nostras
727 2466 765 2506 et
802 2462 953 2506 nostris
989 2465 1140 2506 annuat
1178 2462 1301 2515 votis,
1338 2460 1657 2519 deprecatricem

205 2648 225 2685 1
249 2647 286 2686 S.
309 2647 381 2686 Leo
401 2648 516 2696 Epist.
533 2647 614 2685 156.
636 2646 727 2684 alias
746 2647 828 2686 125.
849 2648 895 2686 ad
915 2649 1076 2687 Leonem
1095 2650 1312 2696 Augustum.

206 2714 227 2751 2
255 2713 290 2750 S.
313 2714 386 2751 Leo
406 2714 521 2761 Epist.
542 2713 600 2750 43.
629 2711 719 2750 alias
741 2712 798 2750 34.
820 2714 865 2751 ad
887 2714 1133 2752 Theodosium
1152 2714 1370 2760 Augustum.

207 2778 227 2816 3
254 2779 357 2817 Idem
383 2778 472 2817 ibid.

1337 2841 1364 2885 2
