1987 3132
290 132 375 175 1255
605 146 795 178 ErisroLA
820 144 1043 177 mesenes
1063 145 1300 174 smmum
1324 147 1495 182 omnim

344 226 573 284 Antequam
595 227 718 272 tinem
742 227 837 272 huie
870 227 1042 272 Nostrae
1063 225 1272 285 Epistolae
1297 227 1517 279 faciamus,
1554 239 1634 285 qua
1656 227 1737 272 Vos
1760 240 1804 272 o-

282 316 400 347 mnes
423 303 629 348 Austriaci
666 303 832 362 Imperii
858 304 1077 349 Sacrorum
1110 304 1322 349 Antistites
1353 303 1502 362 alloqui
1542 317 1800 361 summopere

284 379 512 437 gaudemus
534 416 543 433 ,
570 381 762 425 Nostrum
785 380 837 425 ad
862 380 944 425 Vos
967 394 1199 425 sermonem
1225 382 1466 439 praesertim
1503 381 1795 432 convertimus,

282 455 546 501 Venerabiles
570 457 732 502 Fratres
757 457 1068 516 ArchiepiScopi
1093 463 1131 502 et
1154 457 1352 515 Episcopi
1375 493 1383 509 ‚
1411 458 1480 516 qui
1503 459 1542 501 in
1567 456 1709 500 eodem
1732 470 1803 501 no-

282 532 486 578 bilissimo
510 534 683 592 Imperio
706 539 928 587 morantes,
956 548 1003 579 ae
1024 534 1246 579 Nobiscum
1269 536 1310 578 in
1332 547 1430 578 vera
1452 533 1531 578 lide
1564 538 1601 578 et
1637 531 1803 577 catholi-

284 622 332 654 ca
355 612 507 654 unitate
530 611 732 655 coniuncti
753 647 762 663 ‚
789 616 827 655 et
853 610 947 655 huie
968 611 1077 655 Petri
1101 610 1326 655 Cathedrae
1356 609 1624 654 adhaerentes
1652 607 1801 655 Orien-

284 686 376 730 talis
399 686 608 731 Ecclesiae
640 689 741 732 ritus
781 692 819 732 et
852 687 1079 732 laudabiles
1114 686 1425 731 consuetudines
1455 686 1506 730 ab
1543 687 1618 730 hac
1655 686 1803 730 Sancta

283 762 392 807 Sede
415 763 621 820 probatas,
647 777 719 809 seu
743 766 965 822 permissas
990 765 1136 808 colitis.
1163 763 1425 821 Compertum
1467 762 1802 820 exploratumque

283 839 410 885 VobIs
434 846 494 885 est
516 855 596 899 quo
620 842 660 885 in
680 843 807 899 pretio
831 841 934 885 haee
956 840 1188 899 Apostoliea
1212 840 1339 884 Sedes
1364 844 1525 884 vestros
1543 852 1706 896 semper
1731 837 1803 882 ha·

279 917 415 962 buerit
440 920 557 970 ritus,
585 931 758 976 quorum
781 917 1085 962 observantiam
1110 921 1319 974 tantopere
1343 916 1579 967 inculcarit,
1607 914 1802 973 quemad—

283 993 450 1038 modum
473 993 697 1039 luculenter
737 999 934 1039 testamur
957 999 1011 1039 tot
1034 995 1309 1040 Romanorum
1337 993 1576 1038 Pontificum
1605 992 1804 1036 Decesse—

281 1084 373 1114 rum
398 1071 635 1115 Nostrorum
656 1071 831 1116 Decreta
866 1077 904 1116 et
927 1071 1241 1116 Constitutiones
1263 1107 1272 1123 ,
1299 1072 1405 1115 luter
1428 1083 1530 1128 quas
1556 1082 1804 1114 commemo-

280 1159 374 1191 rare
397 1149 496 1191 satis
521 1152 581 1192 est
603 1147 775 1192 Litteras
811 1147 1017 1192 BenedIcti
1042 1148 1133 1192 XIV
1166 1147 1499 1192 Praedeeessoris
1535 1147 1686 1204 pariter
1724 1145 1804 1189 Νο-

282 1224 375 1274 stri,
396 1222 459 1266 die
476 1223 528 1266 26
548 1223 651 1268 Iunii
674 1224 923 1268 Ann0175315
943 1224 1089 1277 editas,
1116 1237 1290 1282 quarum
1314 1225 1473 1267 initium
1499 1241 1515 1262 α
1535 1222 1689 1266 Allatae
1710 1239 1746 1274 »‚
1765 1226 1801 1265 el

283 1299 451 1344 Nostras
475 1299 540 1344 die
565 1301 587 1343 6
614 1300 788 1344 Ianuarii
810 1300 926 1345 Anno
950 1300 1063 1344 1848
1087 1300 1276 1344 omuibus
1315 1298 1594 1345 Orientalibus
1633 1298 1800 1350 missas,

283 1388 386 1433 quae
409 1378 605 1435 incipiunt
634 1395 650 1417 «
673 1377 718 1421 ln
742 1391 933 1436 suprema
957 1378 1064 1422 Petri
1088 1377 1272 1435 Apostoli
1297 1376 1401 1421 Sede
1423 1394 1464 1419 ».
1495 1376 1635 1434 ltaque
1657 1374 1738 1419 Vos
1762 1388 1803 1419 e-

283 1453 383 1496 tlam
405 1466 665 1511 summopere
683 1456 924 1507 excitamus,
945 1459 988 1499 ut
1012 1468 1083 1513 pro
1105 1456 1258 1499 eximia
1281 1458 1419 1498 vestra
1441 1452 1640 1509 religione
1658 1456 1696 1496 et
1720 1453 1805 1510 epi—

283 1529 438 1587 scopali
462 1529 733 1576 solllcitudine
772 1533 1046 1576 ministerium
1072 1536 1252 1575 vestrum
1288 1531 1506 1588 Implentes
1530 1566 1538 1582 ,
1566 1535 1687 1587 atque
1710 1533 1804 1573 ante

283 1606 423 1651 oeulos
445 1606 643 1651 habentes
667 1621 715 1652 ea
732 1610 885 1661 omnIa,
913 1608 1128 1666 dequibus
1151 1608 1306 1665 loquuti
1330 1621 1487 1660 sumus,
1510 1611 1694 1650 vestram
1712 1619 1798 1649 om—

283 1695 380 1726 nem
403 1696 559 1737 curam,
586 1684 827 1729 iudustriam
851 1689 889 1729 et
912 1685 1167 1741 x-igitantiam
1191 1687 1446 1729 continenter
1473 1682 1735 1742 impendatis,
1761 1687 1804 1726 ut

282 1763 422 1803 vester
447 1759 588 1805 Clerus
610 1760 828 1806 xirtutibus
866 1761 1056 1806 omnibus
1085 1766 1276 1815 ornatus,
1314 1766 1353 1806 et
1376 1762 1539 1818 optiinis
1579 1758 1806 1816 disprlinis

282 1837 544 1892 potissimum
567 1839 696 1881 sacris
720 1843 908 1882 accurate
933 1837 1121 1883 excultus
1146 1839 1187 1882 in
1211 1840 1504 1895 sempIternam
1537 1835 1715 1880 fidelium
1739 1848 1805 1879 sa-

283 1911 411 1956 lutern
434 1913 707 1971 quaerendam
732 1915 1006 1958 latentissimo
1029 1914 1164 1959 studio
1187 1912 1413 1967 incumbat,
1439 1918 1481 1957 ut
1500 1911 1641 1956 fideles
1666 1910 1804 1969 populi

285 1991 437 2033 instent
461 1991 595 2041 vlam,
623 2003 726 2048 quae
750 1990 860 2035 ducit
882 1991 933 2035 ad
958 1993 1081 2036 iilam
1102 2028 1109 2038 ,
1137 1997 1180 2036 ut
1202 1991 1381 2049 quotidie
1406 1991 1538 2046 magis
1561 1994 1699 2033 sancta
1729 2001 1801 2033 au-

286 2071 432 2122 geatur
465 2071 503 2110 et
532 2066 800 2124 amplificetur
835 2067 1059 2112 catholicae
1091 2067 1318 2125 ReligiouiS
1351 2069 1462 2119 unio,
1502 2072 1544 2110 ut
1571 2077 1804 2109 sacramen-

289 2147 327 2186 ta
358 2143 716 2199 administrentur,
752 2157 799 2188 ae
829 2143 967 2188 dix-ina
1000 2144 1261 2189 celebrentur
1310 2144 1440 2187 officia
1481 2145 1591 2186 iuxta
1623 2145 1803 2185 vestram

287 2218 562 2276 disciplinam,
599 2222 649 2264 iis
674 2226 807 2265 tamen
829 2220 1032 2278 liturgicis
1060 2221 1175 2265 libris
1204 2220 1415 2272 adhibitis,
1443 2221 1511 2278 qui
1536 2218 1587 2263 ab
1610 2218 1685 2262 bac
1709 2217 1805 2262 San-

286 2301 351 2340 cta
384 2295 487 2340 Sede
518 2296 676 2354 probati
711 2299 886 2342 suerunt.
914 2298 965 2342 Et
988 2312 1079 2342 enm
1104 2297 1203 2342 nibil
1230 2297 1356 2341 Nobis
1380 2298 1570 2354 optatius,
1599 2308 1720 2354 quani
1741 2307 1804 2339 ve-

286 2374 384 2416 stris
408 2378 447 2416 el
470 2378 699 2418 vestrorum
724 2374 905 2418 fidelium
923 2375 1159 2431 indigentiis
1185 2388 1310 2432 quam
1330 2373 1598 2418 libentissime
1616 2384 1802 2416 oecurre-

286 2462 348 2501 re,
382 2462 430 2493 ue
454 2451 645 2494 omittatis
664 2451 715 2493 ad
734 2451 814 2494 Nos
839 2452 1073 2507 confugerm
1108 2450 1316 2510 Nobisque
1346 2463 1548 2508 exponere
1570 2454 1801 2493 vestrarum

287 2525 547 2570 lsslioecesitnn
581 2541 662 2579 res,
689 2532 728 2571 et
756 2527 916 2572 illarum
942 2528 1178 2572 relationem
1213 2528 1264 2572 ad
1298 2528 1484 2572 Nostram
1511 2526 1803 2583 CongregatIO—

287 2616 381 2647 nem
406 2603 518 2647 Fidei
543 2604 832 2662 propagandae
856 2607 1127 2663 praepositam
1151 2610 1294 2664 quarto
1318 2618 1477 2664 quoque
1495 2616 1599 2648 anuo
1622 2604 1797 2646 mittere.

350 2680 548 2739 Denique,
573 2681 715 2726 Dilecti
738 2681 828 2726 Filii
851 2682 1002 2735 Nostri,
1030 2696 1077 2726 ac
1100 2682 1364 2727 Venerabiles
1387 2682 1565 2732 Fratres³
1589 2680 1669 2724 Vos
1688 2678 1800 2722 obte-

289 2761 463 2809 stamur,
490 2762 532 2802 ut
550 2759 820 2803 intentissimo
837 2758 968 2803 studio
987 2761 1248 2803 connitamiui
1272 2760 1404 2815 magis
1424 2760 1462 2801 in
1479 2757 1565 2800 dics
1584 2767 1800 2799 conserva—

291 2846 352 2884 re,
382 2835 532 2888 serere,
559 2839 597 2879 et
620 2849 770 2892 augere
794 2849 935 2894 pacem
960 2841 997 2881 et
1020 2835 1277 2881 concordiam
1301 2837 1405 2880 inter
1438 2835 1675 2879 unirersum
1702 2833 1800 2876 Ista-
