1987 3132
298 121 381 166 918
771 134 966 165 LITTERAE
993 136 1101 164 Tms
1122 136 1343 166 LIBENTER

296 214 454 260 Christo
488 214 660 259 Domino
695 217 962 259 commissum
996 216 1193 274 regendi,
1233 230 1279 261 ac
1311 216 1547 262 moderandi
1579 221 1813 264 universam

294 304 411 334 suam
434 291 682 344 Ecclesiam,
711 305 758 336 ac
781 292 979 349 pascendi
1003 306 1165 336 omnem
1189 307 1307 338 suum
1332 307 1501 351 gregem
1525 294 1714 340 salutaris
1744 296 1816 341 do-

297 369 450 412 ctrinae
474 369 654 426 pascuis,
681 374 718 413 et
743 371 994 414 contInentei‘
1018 369 1288 428 advigilandi,
1316 384 1367 415 ne
1399 374 1659 417 sanctissima
1695 373 1813 428 fides,

298 446 467 503 eiusque
491 445 673 490 doctrina
705 446 832 490 ullum
871 459 1052 505 unquam
1076 447 1366 493 detrimentum
1401 450 1599 506 patiatur,
1634 450 1819 495 dubitare

297 535 378 566 non
401 535 632 580 possumus,
655 523 751 581 quin
776 525 857 582 ipsi
881 524 1160 569 severiorIbus
1185 525 1416 583 disciplinis
1441 526 1674 571 excolendIs
1696 564 1705 578 ,
1740 532 1820 571 tra-

300 598 460 653 dendts,
488 612 692 658 sanaeque
712 599 922 645 doctrInae
941 600 1113 645 tuendae
1138 614 1304 659 operam
1322 608 1518 647 naxantes
1543 617 1636 655 uno,
1660 603 1822 648 eodem-

300 688 379 733 que
402 680 584 734 tempore
608 682 851 734 agnoscant,
879 691 923 722 se
943 677 1093 722 debere
1118 683 1156 722 et
1179 678 1371 736 religiose
1395 682 1565 738 exsequi
1585 680 1746 737 regulas
1770 680 1822 726 ab

299 751 488 797 Ecclesia
512 766 673 811 semper
697 758 899 806 servatas,
927 759 965 798 et
988 754 1156 799 obedire
1172 755 1362 800 omnibus
1385 755 1575 809 decretis,
1593 770 1695 815 quae
1714 759 1823 802 circa

301 827 527 873 doctrinam
552 844 575 874 a
599 829 799 889 Suprema
820 830 966 875 Nostra
990 831 1200 876 Pontificia
1223 834 1459 877 auctoritate
1495 832 1682 877 eduntur.
1711 832 1823 877 Haec-

300 910 438 950 autem
460 908 595 950 omnia
626 906 717 951 Tibi
741 908 1163 960 communicavimus,
1192 921 1240 952 ac
1263 922 1523 968 summopere
1546 914 1756 967 optamus,
1783 914 1826 952 ut

302 994 352 1026 ea
374 983 424 1026 iis
450 983 640 1028 omnibus
664 984 876 1041 significes
901 986 1028 1037 viris,
1055 987 1123 1043 qui
1146 986 1187 1029 in
1211 991 1433 1030 memorato
1458 986 1666 1031 Com-cnm
1691 987 1824 1038 suere,

305 1058 403 1103 dum
426 1061 462 1104 si
485 1065 758 1119 opportunum
784 1075 875 1106 esse
899 1064 1195 1114 censuerimus,
1220 1061 1330 1106 haud
1353 1064 1584 1107 omittemus
1616 1063 1695 1106 alta
1717 1061 1825 1117 Tibi,

304 1141 344 1180 et
366 1135 680 1183 Venerabilibus
704 1138 917 1183 Fratribus
941 1138 1185 1183 Germaniae
1217 1139 1435 1184 Sacrorum
1465 1139 1724 1184 Antistitibus
1754 1138 1830 1182 hac

305 1226 430 1272 super
454 1228 497 1258 re
521 1214 788 1271 significare,
827 1220 1042 1274 postquam
1077 1216 1226 1268 Tuam,
1267 1221 1305 1260 et
1337 1216 1572 1261 eorumdem
1596 1216 1830 1259 Antistitum

307 1291 553 1335 sententiam
565 1290 888 1335 intellexerimus
901 1291 952 1335 de
967 1291 1202 1336 huiusmodi
1218 1292 1497 1337 Conventuum
1516 1293 1828 1350 opportunItate.

308 1363 485 1410 Domum
507 1367 753 1425 pastoralem
786 1368 915 1412 Tuam
939 1368 1283 1424 sollicitudinem,
1321 1383 1367 1414 ac
1400 1369 1651 1427 vigilantiam
1688 1369 1834 1412 iterum

310 1442 575 1488 vehementer
599 1446 848 1499 excitamus,
875 1450 917 1490 ut
940 1459 1022 1490 una
1045 1459 1139 1490 cum
1165 1446 1256 1490 aliis
1279 1445 1592 1491 Venerabilibus
1622 1444 1834 1490 Fratribus

310 1518 529 1565 Sacrorum
556 1522 595 1565 in
619 1521 837 1567 Germania
861 1522 1124 1567 Antistitibus
1148 1536 1268 1568 curas
1292 1537 1460 1575 omnes,
1488 1525 1837 1581 cogitationesque

312 1598 355 1641 in
384 1598 575 1642 tuendam
599 1603 637 1642 et
671 1599 978 1656 propagandam
1008 1613 1150 1643 sanam
1174 1599 1400 1644 doctrinam
1434 1599 1597 1643 assidue
1630 1600 1830 1642 conseras.

312 1673 453 1731 Neque
474 1675 640 1718 omittas
677 1675 868 1719 omnibus
900 1675 1131 1727 inculcare,
1172 1680 1215 1719 ut
1238 1677 1427 1733 profanas
1460 1689 1600 1719 omnes
1634 1676 1835 1718 novitates

314 1748 532 1806 diligenter
554 1749 749 1802 devitent,
779 1764 910 1809 neque
929 1750 980 1795 ab
1000 1751 1079 1795 illis
1102 1764 1146 1795 se
1164 1751 1297 1809 decipi
1321 1764 1498 1810 unquam
1524 1752 1740 1809 patiantur,
1768 1752 1839 1809 qui

314 1825 458 1870 salsam
481 1828 677 1871 solentiae
699 1827 948 1879 libertatem,
976 1829 1145 1887 eiusque
1164 1841 1242 1872 non
1273 1827 1403 1872 solum
1428 1841 1570 1872 rerum
1596 1829 1835 1886 profectum,

316 1901 390 1946 sed
412 1904 533 1946 etiam
557 1916 716 1947 errores
741 1908 948 1963 tamquam
971 1917 1219 1962 progressus
1238 1904 1496 1963 impudenter
1521 1906 1686 1948 iactant.
1710 1904 1840 1962 Atque

317 1980 405 2036 pari
427 1979 561 2023 studio
593 1984 633 2024 et
663 1982 916 2024 contentione
951 1994 1001 2025 ne
1025 1980 1186 2026 (lesinas
1219 1995 1360 2026 omnes
1384 1981 1561 2036 hortari,
1590 1986 1633 2025 ut
1660 1982 1841 2024 maxima

319 2068 432 2108 cura,
460 2060 498 2100 et
520 2056 721 2101 industria
745 2058 786 2101 in
810 2070 952 2101 veram
971 2057 1236 2102 christianam
1260 2063 1298 2103 et
1322 2057 1564 2103 catholicam
1596 2059 1840 2116 sapientiam

316 2131 571 2185 Incumbant,
599 2138 733 2192 atque,
762 2135 820 2178 nti
845 2147 919 2192 par
939 2139 1016 2187 est,
1042 2135 1083 2178 in
1101 2148 1261 2179 summo
1279 2136 1408 2193 pretio
1432 2133 1608 2178 habeant
1633 2146 1752 2177 veros
1776 2146 1841 2177 so-

317 2208 501 2268 lutosque
516 2211 711 2254 scientiae
734 2223 994 2269 progressus,
1016 2212 1086 2269 qui
1110 2213 1372 2255 sanctissima
1388 2224 1434 2255 ac
1457 2210 1598 2254 dix-ina
1622 2210 1700 2253 tide
1719 2210 1838 2263 duce,

319 2290 357 2330 et
380 2287 592 2342 magistra,
619 2288 656 2330 in
682 2287 890 2331 catholicis
914 2287 1064 2332 scholis
1089 2287 1218 2332 habiti
1242 2288 1417 2340 fuerunt,
1447 2293 1570 2345 utque
1595 2287 1842 2344 theologicas

320 2363 559 2420 praesertim
583 2362 819 2420 disciplinas
844 2363 1028 2408 excolant
1051 2363 1281 2407 secundum
1308 2365 1528 2422 principIa,
1555 2368 1593 2407 et
1611 2368 1842 2407 constantes

321 2438 542 2491 doctrinas,
563 2438 710 2497 quibus
730 2441 974 2484 unammiter
998 2441 1125 2484 innixi
1142 2442 1443 2498 sapientissimi
1466 2440 1660 2484 Doctores
1676 2442 1844 2484 immor—

322 2516 445 2560 talem
468 2515 547 2560 sibi
570 2518 743 2560 nominis
773 2516 959 2570 laudem,
991 2521 1030 2560 et
1059 2519 1280 2561 maximam
1311 2516 1544 2569 Ecclesiae,
1581 2521 1619 2561 et
1649 2518 1842 2561 scientiae

322 2592 565 2645 utilitatem,
599 2606 647 2638 ac
669 2593 927 2652 splendorem
957 2599 1216 2652 pepererunt.
1252 2593 1339 2637 lloc
1370 2607 1469 2638 sane
1500 2593 1621 2637 modo
1655 2592 1842 2637 catholici

324 2671 402 2714 viri
424 2671 464 2714 In
488 2671 667 2714 selentiis
691 2669 922 2714 excolendis
946 2675 1149 2728 poterunt,
1171 2670 1256 2715 Deo
1278 2670 1496 2715 auxiliante
1519 2671 1649 2726 magiS
1670 2671 1709 2712 in
1734 2668 1838 2721 dies,

324 2752 521 2804 quantum
545 2746 694 2791 homiui
720 2748 778 2791 sas
802 2752 878 2801 est,
899 2761 1083 2800 noscere,
1107 2747 1311 2800 evolvere,
1334 2752 1373 2791 et
1396 2746 1612 2805 explanare
1625 2747 1841 2789 veritatum

329 2822 563 2868 thesaurum
585 2860 594 2877 ,
621 2837 722 2882 quas
745 2825 785 2868 in
809 2829 976 2868 naturae
1010 2828 1047 2868 et
1072 2826 1227 2881 gratIae
1251 2823 1442 2881 opertbus
1475 2821 1584 2866 Deus
1609 2824 1739 2879 posuit
1763 2857 1772 2874 ,
1798 2826 1843 2866 ut
