<?xml version="1.0" encoding="UTF-8"?>
<!DOCTYPE html PUBLIC "-//W3C//DTD XHTML 1.0 Transitional//EN"
    "http://www.w3.org/TR/xhtml1/DTD/xhtml1-transitional.dtd">
<html xmlns="http://www.w3.org/1999/xhtml" xml:lang="en" lang="en">
 <head>
  <title>
</title>
<meta http-equiv="Content-Type" content="text/html;charset=utf-8" />
  <meta name='ocr-system' content='tesseract 3.04.00' />
  <meta name='ocr-capabilities' content='ocr_page ocr_carea ocr_par ocr_line ocrx_word'/>
</head>
<body>
  <div class='ocr_page' id='page_1' title='image "actassdnpiippixe00romeuoft_0167.png"; bbox 0 0 1987 3132; ppageno 0'>
   <div class='ocr_carea' id='block_1_1' title="bbox 716 79 1640 127">
    <p class='ocr_par' dir='ltr' id='par_1_1' title="bbox 716 79 1640 127">
     <span class='ocr_line' id='line_1_1' title="bbox 716 79 1640 127; baseline 0.001 -4"><span class='ocrx_word' id='word_1_1' title='bbox 716 80 769 123; x_wconf 70' lang='lat'>26</span> <span class='ocrx_word' id='word_1_2' title='bbox 795 93 890 124; x_wconf 65' lang='lat' dir='ltr'>unu</span> <span class='ocrx_word' id='word_1_3' title='bbox 915 79 1046 123; x_wconf 64' lang='lat'>18:355.</span> <span class='ocrx_word' id='word_1_4' title='bbox 1558 79 1640 127; x_wconf 78' lang='lat'>139</span> 
     </span>
    </p>
   </div>
   <div class='ocr_carea' id='block_1_2' title="bbox 122 173 1672 2838">
    <p class='ocr_par' dir='ltr' id='par_1_2' title="bbox 122 173 1651 924">
     <span class='ocr_line' id='line_1_2' title="bbox 122 173 1645 235; baseline -0.002 -14"><span class='ocrx_word' id='word_1_5' title='bbox 122 177 309 235; x_wconf 70' lang='lat' dir='ltr'>gentium</span> <span class='ocrx_word' id='word_1_6' title='bbox 332 178 420 221; x_wconf 87' lang='lat' dir='ltr'>iure</span> <span class='ocrx_word' id='word_1_7' title='bbox 444 175 689 221; x_wconf 73' lang='lat' dir='ltr'>reclamante</span> <span class='ocrx_word' id='word_1_8' title='bbox 711 174 924 227; x_wconf 63' lang='lat' dir='ltr'>xi01atam,</span> <span class='ocrx_word' id='word_1_9' title='bbox 959 179 997 219; x_wconf 90' lang='lat' dir='ltr'>et</span> <span class='ocrx_word' id='word_1_10' title='bbox 1020 174 1227 232; x_wconf 81' lang='lat' dir='ltr'>proprIam</span> <span class='ocrx_word' id='word_1_11' title='bbox 1250 173 1548 232; x_wconf 84' lang='lat' dir='ltr'>Episcoporum</span> <span class='ocrx_word' id='word_1_12' title='bbox 1571 187 1645 218; x_wconf 87' lang='lat' dir='ltr'>au-</span> 
     </span>
     <span class='ocr_line' id='line_1_3' title="bbox 123 250 1645 308; baseline -0.003 -10"><span class='ocrx_word' id='word_1_13' title='bbox 123 255 352 298; x_wconf 84' lang='lat' dir='ltr'>ctoritatem</span> <span class='ocrx_word' id='word_1_14' title='bbox 377 254 417 297; x_wconf 88' lang='lat' dir='ltr'>iu</span> <span class='ocrx_word' id='word_1_15' title='bbox 440 254 547 297; x_wconf 83' lang='lat' dir='ltr'>sacri</span> <span class='ocrx_word' id='word_1_16' title='bbox 573 252 787 295; x_wconf 88' lang='lat' dir='ltr'>ministerii</span> <span class='ocrx_word' id='word_1_17' title='bbox 812 253 1004 294; x_wconf 80' lang='lat' dir='ltr'>exercitio</span> <span class='ocrx_word' id='word_1_18' title='bbox 1027 250 1320 308; x_wconf 68' lang='lat' dir='ltr'>przwpeditam,</span> <span class='ocrx_word' id='word_1_19' title='bbox 1347 256 1385 294; x_wconf 85' lang='lat' dir='ltr'>et</span> <span class='ocrx_word' id='word_1_20' title='bbox 1413 250 1645 294; x_wconf 60' lang='lat' dir='ltr'>violentiam</span> 
     </span>
     <span class='ocr_line' id='line_1_4' title="bbox 123 326 1647 388; baseline 0 -17"><span class='ocrx_word' id='word_1_21' title='bbox 123 334 266 374; x_wconf 72' lang='lat' dir='ltr'>contra</span> <span class='ocrx_word' id='word_1_22' title='bbox 288 331 398 388; x_wconf 90' lang='lat' dir='ltr'>ipsos</span> <span class='ocrx_word' id='word_1_23' title='bbox 421 329 647 388; x_wconf 87' lang='lat' dir='ltr'>Episcopos</span> <span class='ocrx_word' id='word_1_24' title='bbox 672 326 919 380; x_wconf 74' lang='lat' dir='ltr'>adhibitam,</span> <span class='ocrx_word' id='word_1_25' title='bbox 947 332 984 372; x_wconf 89' lang='lat' dir='ltr'>et</span> <span class='ocrx_word' id='word_1_26' title='bbox 1008 327 1217 372; x_wconf 78' lang='lat' dir='ltr'>Ecclesiae</span> <span class='ocrx_word' id='word_1_27' title='bbox 1241 329 1526 385; x_wconf 80' lang='lat' dir='ltr'>patrImouium</span> <span class='ocrx_word' id='word_1_28' title='bbox 1550 340 1647 371; x_wconf 85' lang='lat' dir='ltr'>cou-</span> 
     </span>
     <span class='ocr_line' id='line_1_5' title="bbox 128 404 1647 462; baseline -0.001 -12"><span class='ocrx_word' id='word_1_29' title='bbox 128 412 188 451; x_wconf 78' lang='lat' dir='ltr'>tra</span> <span class='ocrx_word' id='word_1_30' title='bbox 211 408 346 451; x_wconf 89' lang='lat' dir='ltr'>omnia</span> <span class='ocrx_word' id='word_1_31' title='bbox 369 407 508 450; x_wconf 86' lang='lat' dir='ltr'>divina</span> <span class='ocrx_word' id='word_1_32' title='bbox 534 410 571 449; x_wconf 91' lang='lat' dir='ltr'>et</span> <span class='ocrx_word' id='word_1_33' title='bbox 595 404 771 448; x_wconf 91' lang='lat' dir='ltr'>humana</span> <span class='ocrx_word' id='word_1_34' title='bbox 794 406 884 449; x_wconf 87' lang='lat' dir='ltr'>iura</span> <span class='ocrx_word' id='word_1_35' title='bbox 907 409 1164 462; x_wconf 88' lang='lat' dir='ltr'>usurpatum.</span> <span class='ocrx_word' id='word_1_36' title='bbox 1202 405 1374 461; x_wconf 92' lang='lat' dir='ltr'>lnsuper</span> <span class='ocrx_word' id='word_1_37' title='bbox 1397 416 1647 448; x_wconf 86' lang='lat' dir='ltr'>commemo-</span> 
     </span>
     <span class='ocr_line' id='line_1_6' title="bbox 129 480 1645 541; baseline -0.002 -14"><span class='ocrx_word' id='word_1_38' title='bbox 129 488 239 529; x_wconf 86' lang='lat' dir='ltr'>ratas</span> <span class='ocrx_word' id='word_1_39' title='bbox 262 484 374 541; x_wconf 85' lang='lat' dir='ltr'>leges</span> <span class='ocrx_word' id='word_1_40' title='bbox 398 488 436 528; x_wconf 94' lang='lat' dir='ltr'>et</span> <span class='ocrx_word' id='word_1_41' title='bbox 459 483 622 527; x_wconf 87' lang='lat' dir='ltr'>decreta</span> <span class='ocrx_word' id='word_1_42' title='bbox 653 483 892 527; x_wconf 87' lang='lat' dir='ltr'>auctoritate</span> <span class='ocrx_word' id='word_1_43' title='bbox 925 482 1073 526; x_wconf 71' lang='lat' dir='ltr'>Nostra</span> <span class='ocrx_word' id='word_1_44' title='bbox 1095 481 1325 540; x_wconf 73' lang='lat' dir='ltr'>Apostolica</span> <span class='ocrx_word' id='word_1_45' title='bbox 1348 480 1617 538; x_wconf 77' lang='lat' dir='ltr'>reprobamus</span> <span class='ocrx_word' id='word_1_46' title='bbox 1633 516 1645 534; x_wconf 94' lang='lat'>,</span> 
     </span>
     <span class='ocr_line' id='line_1_7' title="bbox 130 558 1649 619; baseline -0.003 -13"><span class='ocrx_word' id='word_1_47' title='bbox 130 560 395 617; x_wconf 71' lang='lat' dir='ltr'>abrogamus,</span> <span class='ocrx_word' id='word_1_48' title='bbox 417 560 563 619; x_wconf 89' lang='lat' dir='ltr'>illaque</span> <span class='ocrx_word' id='word_1_49' title='bbox 589 573 756 618; x_wconf 90' lang='lat' dir='ltr'>prorsus</span> <span class='ocrx_word' id='word_1_50' title='bbox 779 561 909 611; x_wconf 84' lang='lat' dir='ltr'>irrita,</span> <span class='ocrx_word' id='word_1_51' title='bbox 931 572 978 604; x_wconf 87' lang='lat' dir='ltr'>ac</span> <span class='ocrx_word' id='word_1_52' title='bbox 1002 559 1150 604; x_wconf 75' lang='lat' dir='ltr'>nulllus</span> <span class='ocrx_word' id='word_1_53' title='bbox 1174 558 1331 604; x_wconf 90' lang='lat' dir='ltr'>roboris</span> <span class='ocrx_word' id='word_1_54' title='bbox 1355 559 1481 602; x_wconf 76' lang='lat' dir='ltr'>sitisse</span> <span class='ocrx_word' id='word_1_55' title='bbox 1503 562 1542 601; x_wconf 90' lang='lat' dir='ltr'>et</span> <span class='ocrx_word' id='word_1_56' title='bbox 1565 559 1649 601; x_wconf 85' lang='lat' dir='ltr'>sore</span> 
     </span>
     <span class='ocr_line' id='line_1_8' title="bbox 128 637 1650 696; baseline -0.003 -14"><span class='ocrx_word' id='word_1_57' title='bbox 128 637 402 682; x_wconf 71' lang='lat' dir='ltr'>declaramus.</span> <span class='ocrx_word' id='word_1_58' title='bbox 443 638 611 683; x_wconf 88' lang='lat' dir='ltr'>Summa</span> <span class='ocrx_word' id='word_1_59' title='bbox 644 642 777 682; x_wconf 84' lang='lat' dir='ltr'>autem</span> <span class='ocrx_word' id='word_1_60' title='bbox 813 650 892 696; x_wconf 91' lang='lat' dir='ltr'>qua</span> <span class='ocrx_word' id='word_1_61' title='bbox 923 651 1143 695; x_wconf 90' lang='lat' dir='ltr'>possumus</span> <span class='ocrx_word' id='word_1_62' title='bbox 1168 637 1422 680; x_wconf 71' lang='lat' dir='ltr'>contentione</span> <span class='ocrx_word' id='word_1_63' title='bbox 1444 639 1650 679; x_wconf 86' lang='lat' dir='ltr'>tantorum</span> 
     </span>
     <span class='ocr_line' id='line_1_9' title="bbox 128 711 1650 766; baseline -0.003 -8"><span class='ocrx_word' id='word_1_64' title='bbox 128 727 323 759; x_wconf 84' lang='lat' dir='ltr'>ausorum</span> <span class='ocrx_word' id='word_1_65' title='bbox 347 719 535 759; x_wconf 76' lang='lat' dir='ltr'>auctores</span> <span class='ocrx_word' id='word_1_66' title='bbox 561 727 799 766; x_wconf 91' lang='lat' dir='ltr'>monemus,</span> <span class='ocrx_word' id='word_1_67' title='bbox 837 713 1048 758; x_wconf 84' lang='lat' dir='ltr'>hortamur</span> <span class='ocrx_word' id='word_1_68' title='bbox 1084 718 1121 757; x_wconf 88' lang='lat' dir='ltr'>et</span> <span class='ocrx_word' id='word_1_69' title='bbox 1155 712 1446 765; x_wconf 84' lang='lat' dir='ltr'>obsecramus,</span> <span class='ocrx_word' id='word_1_70' title='bbox 1478 716 1521 755; x_wconf 90' lang='lat' dir='ltr'>ut</span> <span class='ocrx_word' id='word_1_71' title='bbox 1543 711 1650 755; x_wconf 86' lang='lat' dir='ltr'>serio</span> 
     </span>
     <span class='ocr_line' id='line_1_10' title="bbox 131 786 1651 846; baseline -0.003 -10"><span class='ocrx_word' id='word_1_72' title='bbox 131 790 419 843; x_wconf 78' lang='lat' dir='ltr'>considerent,</span> <span class='ocrx_word' id='word_1_73' title='bbox 455 790 530 835; x_wconf 91' lang='lat' dir='ltr'>Dei</span> <span class='ocrx_word' id='word_1_74' title='bbox 554 804 716 835; x_wconf 88' lang='lat' dir='ltr'>manum</span> <span class='ocrx_word' id='word_1_75' title='bbox 742 804 809 835; x_wconf 90' lang='lat' dir='ltr'>eos</span> <span class='ocrx_word' id='word_1_76' title='bbox 833 803 972 835; x_wconf 88' lang='lat' dir='ltr'>omnes</span> <span class='ocrx_word' id='word_1_77' title='bbox 996 791 1175 846; x_wconf 76' lang='lat' dir='ltr'>effugere</span> <span class='ocrx_word' id='word_1_78' title='bbox 1198 802 1276 834; x_wconf 87' lang='lat' dir='ltr'>non</span> <span class='ocrx_word' id='word_1_79' title='bbox 1300 801 1443 846; x_wconf 89' lang='lat' dir='ltr'>posse,</span> <span class='ocrx_word' id='word_1_80' title='bbox 1476 789 1546 845; x_wconf 91' lang='lat' dir='ltr'>qui</span> <span class='ocrx_word' id='word_1_81' title='bbox 1570 786 1651 831; x_wconf 88' lang='lat' dir='ltr'>Ec-</span> 
     </span>
     <span class='ocr_line' id='line_1_11' title="bbox 131 865 1488 924; baseline -0.004 -12"><span class='ocrx_word' id='word_1_82' title='bbox 131 867 299 912; x_wconf 86' lang='lat' dir='ltr'>clesiam</span> <span class='ocrx_word' id='word_1_83' title='bbox 324 881 440 912; x_wconf 88' lang='lat' dir='ltr'>suam</span> <span class='ocrx_word' id='word_1_84' title='bbox 465 872 647 912; x_wconf 77' lang='lat' dir='ltr'>sanctam</span> <span class='ocrx_word' id='word_1_85' title='bbox 670 868 853 924; x_wconf 78' lang='lat' dir='ltr'>affligere</span> <span class='ocrx_word' id='word_1_86' title='bbox 877 871 915 911; x_wconf 89' lang='lat' dir='ltr'>et</span> <span class='ocrx_word' id='word_1_87' title='bbox 938 879 1087 910; x_wconf 57' lang='lat' dir='ltr'>vexare</span> <span class='ocrx_word' id='word_1_88' title='bbox 1110 879 1188 910; x_wconf 87' lang='lat' dir='ltr'>nou</span> <span class='ocrx_word' id='word_1_89' title='bbox 1211 865 1488 910; x_wconf 80' lang='lat' dir='ltr'>reformidant.</span> 
     </span>
    </p>

    <p class='ocr_par' dir='ltr' id='par_1_3' title="bbox 131 942 1666 2378">
     <span class='ocr_line' id='line_1_12' title="bbox 192 942 1656 1001; baseline -0.002 -14"><span class='ocrx_word' id='word_1_90' title='bbox 192 944 308 988; x_wconf 72' lang='lat' dir='ltr'>Nunc</span> <span class='ocrx_word' id='word_1_91' title='bbox 330 943 455 988; x_wconf 68' lang='lat' dir='ltr'>Nobis</span> <span class='ocrx_word' id='word_1_92' title='bbox 480 949 707 1001; x_wconf 86' lang='lat' dir='ltr'>temperare</span> <span class='ocrx_word' id='word_1_93' title='bbox 730 957 807 988; x_wconf 89' lang='lat' dir='ltr'>nou</span> <span class='ocrx_word' id='word_1_94' title='bbox 832 956 1075 1001; x_wconf 86' lang='lat' dir='ltr'>possumus,</span> <span class='ocrx_word' id='word_1_95' title='bbox 1107 945 1205 1000; x_wconf 88' lang='lat' dir='ltr'>quin</span> <span class='ocrx_word' id='word_1_96' title='bbox 1228 942 1292 986; x_wconf 57' lang='lat' dir='ltr'>rel</span> <span class='ocrx_word' id='word_1_97' title='bbox 1315 944 1491 986; x_wconf 72' lang='lat' dir='ltr'>maxime</span> <span class='ocrx_word' id='word_1_98' title='bbox 1515 945 1656 997; x_wconf 84' lang='lat' dir='ltr'>gratu-</span> 
     </span>
     <span class='ocr_line' id='line_1_13' title="bbox 132 1016 1655 1078; baseline -0.003 -15"><span class='ocrx_word' id='word_1_99' title='bbox 132 1020 290 1072; x_wconf 85' lang='lat' dir='ltr'>lemur,</span> <span class='ocrx_word' id='word_1_100' title='bbox 317 1024 355 1064; x_wconf 89' lang='lat' dir='ltr'>et</span> <span class='ocrx_word' id='word_1_101' title='bbox 378 1019 657 1078; x_wconf 81' lang='lat' dir='ltr'>amphssimas</span> <span class='ocrx_word' id='word_1_102' title='bbox 688 1020 935 1077; x_wconf 87' lang='lat' dir='ltr'>meritasque</span> <span class='ocrx_word' id='word_1_103' title='bbox 968 1018 1110 1063; x_wconf 83' lang='lat' dir='ltr'>laudes</span> <span class='ocrx_word' id='word_1_104' title='bbox 1141 1019 1372 1062; x_wconf 88' lang='lat' dir='ltr'>deferamus</span> <span class='ocrx_word' id='word_1_105' title='bbox 1397 1016 1655 1061; x_wconf 67' lang='lat' dir='ltr'>Venerabili-</span> 
     </span>
     <span class='ocr_line' id='line_1_14' title="bbox 131 1095 1656 1154; baseline -0.003 -14"><span class='ocrx_word' id='word_1_106' title='bbox 131 1095 210 1141; x_wconf 85' lang='lat' dir='ltr'>bus</span> <span class='ocrx_word' id='word_1_107' title='bbox 233 1096 445 1141; x_wconf 86' lang='lat' dir='ltr'>Fratribus</span> <span class='ocrx_word' id='word_1_108' title='bbox 481 1095 705 1154; x_wconf 83' lang='lat' dir='ltr'>Hispaniae</span> <span class='ocrx_word' id='word_1_109' title='bbox 738 1095 1070 1154; x_wconf 84' lang='lat' dir='ltr'>Archiepiscopis</span> <span class='ocrx_word' id='word_1_110' title='bbox 1105 1100 1144 1139; x_wconf 88' lang='lat' dir='ltr'>et</span> <span class='ocrx_word' id='word_1_111' title='bbox 1176 1095 1420 1154; x_wconf 87' lang='lat' dir='ltr'>Episcopis,</span> <span class='ocrx_word' id='word_1_112' title='bbox 1459 1095 1529 1152; x_wconf 89' lang='lat' dir='ltr'>qui</span> <span class='ocrx_word' id='word_1_113' title='bbox 1560 1105 1656 1150; x_wconf 89' lang='lat' dir='ltr'>pro-</span> 
     </span>
     <span class='ocr_line' id='line_1_15' title="bbox 133 1170 1656 1231; baseline -0.003 -14"><span class='ocrx_word' id='word_1_114' title='bbox 133 1175 269 1231; x_wconf 86' lang='lat' dir='ltr'>prium</span> <span class='ocrx_word' id='word_1_115' title='bbox 293 1172 490 1218; x_wconf 88' lang='lat' dir='ltr'>obeuntes</span> <span class='ocrx_word' id='word_1_116' title='bbox 510 1187 673 1226; x_wconf 86' lang='lat' dir='ltr'>munus,</span> <span class='ocrx_word' id='word_1_117' title='bbox 696 1172 886 1230; x_wconf 89' lang='lat' dir='ltr'>nulloque</span> <span class='ocrx_word' id='word_1_118' title='bbox 909 1173 1090 1231; x_wconf 86' lang='lat' dir='ltr'>periculo</span> <span class='ocrx_word' id='word_1_119' title='bbox 1113 1173 1299 1217; x_wconf 85' lang='lat' dir='ltr'>deterriti</span> <span class='ocrx_word' id='word_1_120' title='bbox 1321 1171 1546 1218; x_wconf 84' lang='lat' dir='ltr'>coniunctis</span> <span class='ocrx_word' id='word_1_121' title='bbox 1567 1170 1656 1213; x_wconf 85' lang='lat' dir='ltr'>ani-</span> 
     </span>
     <span class='ocr_line' id='line_1_16' title="bbox 134 1247 1651 1308; baseline -0.004 -14"><span class='ocrx_word' id='word_1_122' title='bbox 134 1252 241 1302; x_wconf 90' lang='lat' dir='ltr'>mis,</span> <span class='ocrx_word' id='word_1_123' title='bbox 268 1249 414 1295; x_wconf 81' lang='lat' dir='ltr'>studiIS</span> <span class='ocrx_word' id='word_1_124' title='bbox 434 1286 444 1302; x_wconf 91' lang='lat'>,</span> <span class='ocrx_word' id='word_1_125' title='bbox 483 1250 665 1294; x_wconf 90' lang='lat' dir='ltr'>consiliis</span> <span class='ocrx_word' id='word_1_126' title='bbox 701 1250 974 1308; x_wconf 86' lang='lat' dir='ltr'>episcopalem</span> <span class='ocrx_word' id='word_1_127' title='bbox 998 1263 1141 1294; x_wconf 65' lang='lat' dir='ltr'>vocem</span> <span class='ocrx_word' id='word_1_128' title='bbox 1176 1251 1347 1303; x_wconf 80' lang='lat' dir='ltr'>efferre,</span> <span class='ocrx_word' id='word_1_129' title='bbox 1375 1253 1413 1293; x_wconf 89' lang='lat' dir='ltr'>et</span> <span class='ocrx_word' id='word_1_130' title='bbox 1436 1247 1651 1292; x_wconf 76' lang='lat' dir='ltr'>Ecclesiae</span> 
     </span>
     <span class='ocr_line' id='line_1_17' title="bbox 135 1324 1660 1385; baseline -0.003 -14"><span class='ocrx_word' id='word_1_131' title='bbox 135 1339 304 1371; x_wconf 84' lang='lat' dir='ltr'>causam</span> <span class='ocrx_word' id='word_1_132' title='bbox 327 1331 491 1371; x_wconf 88' lang='lat' dir='ltr'>strenue</span> <span class='ocrx_word' id='word_1_133' title='bbox 514 1331 825 1385; x_wconf 80' lang='lat' dir='ltr'>constanterque</span> <span class='ocrx_word' id='word_1_134' title='bbox 849 1326 1067 1371; x_wconf 80' lang='lat' dir='ltr'>defendere</span> <span class='ocrx_word' id='word_1_135' title='bbox 1103 1340 1182 1371; x_wconf 87' lang='lat' dir='ltr'>non</span> <span class='ocrx_word' id='word_1_136' title='bbox 1216 1327 1455 1370; x_wconf 75' lang='lat' dir='ltr'>oniiserunt.</span> <span class='ocrx_word' id='word_1_137' title='bbox 1495 1324 1660 1368; x_wconf 87' lang='lat' dir='ltr'>Praeci-</span> 
     </span>
     <span class='ocr_line' id='line_1_18' title="bbox 137 1400 1654 1462; baseline -0.002 -15"><span class='ocrx_word' id='word_1_138' title='bbox 137 1416 238 1461; x_wconf 79' lang='lat' dir='ltr'>puas</span> <span class='ocrx_word' id='word_1_139' title='bbox 262 1416 423 1462; x_wconf 90' lang='lat' dir='ltr'>quoque</span> <span class='ocrx_word' id='word_1_140' title='bbox 456 1403 598 1448; x_wconf 89' lang='lat' dir='ltr'>laudes</span> <span class='ocrx_word' id='word_1_141' title='bbox 635 1403 861 1448; x_wconf 86' lang='lat' dir='ltr'>tribuamus</span> <span class='ocrx_word' id='word_1_142' title='bbox 898 1407 1055 1461; x_wconf 90' lang='lat' dir='ltr'>oportet</span> <span class='ocrx_word' id='word_1_143' title='bbox 1089 1403 1342 1461; x_wconf 81' lang='lat' dir='ltr'>hispaniensi</span> <span class='ocrx_word' id='word_1_144' title='bbox 1375 1401 1485 1446; x_wconf 83' lang='lat' dir='ltr'>fideli</span> <span class='ocrx_word' id='word_1_145' title='bbox 1508 1400 1654 1452; x_wconf 85' lang='lat' dir='ltr'>Clero,</span> 
     </span>
     <span class='ocr_line' id='line_1_19' title="bbox 135 1475 1661 1538; baseline -0.003 -14"><span class='ocrx_word' id='word_1_146' title='bbox 135 1482 206 1538; x_wconf 86' lang='lat' dir='ltr'>qui</span> <span class='ocrx_word' id='word_1_147' title='bbox 232 1482 419 1538; x_wconf 88' lang='lat' dir='ltr'>propriae</span> <span class='ocrx_word' id='word_1_148' title='bbox 454 1482 677 1525; x_wconf 67' lang='lat' dir='ltr'>vocationis</span> <span class='ocrx_word' id='word_1_149' title='bbox 714 1485 752 1525; x_wconf 92' lang='lat' dir='ltr'>et</span> <span class='ocrx_word' id='word_1_150' title='bbox 786 1481 909 1525; x_wconf 71' lang='lat' dir='ltr'>oflicii</span> <span class='ocrx_word' id='word_1_151' title='bbox 940 1493 1096 1524; x_wconf 90' lang='lat' dir='ltr'>memor</span> <span class='ocrx_word' id='word_1_152' title='bbox 1131 1494 1204 1524; x_wconf 88' lang='lat' dir='ltr'>sua</span> <span class='ocrx_word' id='word_1_153' title='bbox 1236 1481 1371 1524; x_wconf 90' lang='lat' dir='ltr'>omnia</span> <span class='ocrx_word' id='word_1_154' title='bbox 1395 1477 1530 1522; x_wconf 88' lang='lat' dir='ltr'>studia</span> <span class='ocrx_word' id='word_1_155' title='bbox 1553 1478 1591 1521; x_wconf 83' lang='lat' dir='ltr'>In</span> <span class='ocrx_word' id='word_1_156' title='bbox 1616 1475 1661 1519; x_wconf 87' lang='lat' dir='ltr'>id</span> 
     </span>
     <span class='ocr_line' id='line_1_20' title="bbox 134 1554 1663 1614; baseline -0.003 -14"><span class='ocrx_word' id='word_1_157' title='bbox 134 1556 319 1601; x_wconf 82' lang='lat' dir='ltr'>conferre</span> <span class='ocrx_word' id='word_1_158' title='bbox 341 1569 420 1601; x_wconf 90' lang='lat' dir='ltr'>non</span> <span class='ocrx_word' id='word_1_159' title='bbox 444 1558 735 1614; x_wconf 84' lang='lat' dir='ltr'>praetermisit.</span> <span class='ocrx_word' id='word_1_160' title='bbox 767 1555 914 1600; x_wconf 88' lang='lat' dir='ltr'>Dehito</span> <span class='ocrx_word' id='word_1_161' title='bbox 947 1557 1069 1600; x_wconf 89' lang='lat' dir='ltr'>etiam</span> <span class='ocrx_word' id='word_1_162' title='bbox 1092 1554 1256 1599; x_wconf 86' lang='lat' dir='ltr'>laudum</span> <span class='ocrx_word' id='word_1_163' title='bbox 1282 1554 1497 1611; x_wconf 86' lang='lat' dir='ltr'>praeconio</span> <span class='ocrx_word' id='word_1_164' title='bbox 1520 1564 1663 1610; x_wconf 88' lang='lat' dir='ltr'>prose-</span> 
     </span>
     <span class='ocr_line' id='line_1_21' title="bbox 137 1627 1662 1692; baseline -0.005 -14"><span class='ocrx_word' id='word_1_165' title='bbox 137 1634 302 1692; x_wconf 85' lang='lat' dir='ltr'>quimur</span> <span class='ocrx_word' id='word_1_166' title='bbox 335 1637 391 1677; x_wconf 88' lang='lat' dir='ltr'>tot</span> <span class='ocrx_word' id='word_1_167' title='bbox 425 1634 616 1690; x_wconf 80' lang='lat' dir='ltr'>egreg10s</span> <span class='ocrx_word' id='word_1_168' title='bbox 650 1632 777 1676; x_wconf 87' lang='lat' dir='ltr'>laicos</span> <span class='ocrx_word' id='word_1_169' title='bbox 812 1632 1005 1690; x_wconf 86' lang='lat' dir='ltr'>hispanos</span> <span class='ocrx_word' id='word_1_170' title='bbox 1039 1633 1182 1683; x_wconf 61' lang='lat' dir='ltr'>x‘ii‘os,</span> <span class='ocrx_word' id='word_1_171' title='bbox 1221 1632 1290 1688; x_wconf 90' lang='lat' dir='ltr'>qui</span> <span class='ocrx_word' id='word_1_172' title='bbox 1327 1627 1528 1685; x_wconf 81' lang='lat' dir='ltr'>singulari</span> <span class='ocrx_word' id='word_1_173' title='bbox 1560 1639 1662 1683; x_wconf 73' lang='lat' dir='ltr'>erga</span> 
     </span>
     <span class='ocr_line' id='line_1_22' title="bbox 139 1703 1663 1766; baseline -0.004 -13"><span class='ocrx_word' id='word_1_174' title='bbox 139 1710 445 1753; x_wconf 84' lang='lat' dir='ltr'>sanctissimam</span> <span class='ocrx_word' id='word_1_175' title='bbox 478 1709 744 1766; x_wconf 83' lang='lat' dir='ltr'>religionem,</span> <span class='ocrx_word' id='word_1_176' title='bbox 785 1708 1041 1760; x_wconf 87' lang='lat' dir='ltr'>Ecclesiam,</span> <span class='ocrx_word' id='word_1_177' title='bbox 1080 1712 1119 1752; x_wconf 88' lang='lat' dir='ltr'>et</span> <span class='ocrx_word' id='word_1_178' title='bbox 1154 1720 1253 1764; x_wconf 82' lang='lat' dir='ltr'>erga</span> <span class='ocrx_word' id='word_1_179' title='bbox 1283 1706 1365 1751; x_wconf 75' lang='lat' dir='ltr'>Nos</span> <span class='ocrx_word' id='word_1_180' title='bbox 1401 1710 1520 1763; x_wconf 86' lang='lat' dir='ltr'>atque</span> <span class='ocrx_word' id='word_1_181' title='bbox 1555 1703 1663 1747; x_wconf 80' lang='lat' dir='ltr'>hano</span> 
     </span>
     <span class='ocr_line' id='line_1_23' title="bbox 141 1781 1664 1844; baseline -0.004 -15"><span class='ocrx_word' id='word_1_182' title='bbox 141 1785 332 1830; x_wconf 73' lang='lat' dir='ltr'>Sanctam</span> <span class='ocrx_word' id='word_1_183' title='bbox 356 1785 504 1830; x_wconf 83' lang='lat' dir='ltr'>Sedem</span> <span class='ocrx_word' id='word_1_184' title='bbox 527 1787 676 1844; x_wconf 84' lang='lat' dir='ltr'>pietate</span> <span class='ocrx_word' id='word_1_185' title='bbox 712 1790 751 1829; x_wconf 90' lang='lat' dir='ltr'>et</span> <span class='ocrx_word' id='word_1_186' title='bbox 785 1785 979 1842; x_wconf 88' lang='lat' dir='ltr'>obsequio</span> <span class='ocrx_word' id='word_1_187' title='bbox 1002 1785 1190 1842; x_wconf 86' lang='lat' dir='ltr'>spectati,</span> <span class='ocrx_word' id='word_1_188' title='bbox 1218 1788 1303 1827; x_wconf 89' lang='lat' dir='ltr'>tum</span> <span class='ocrx_word' id='word_1_189' title='bbox 1327 1795 1427 1826; x_wconf 65' lang='lat' dir='ltr'>voce</span> <span class='ocrx_word' id='word_1_190' title='bbox 1451 1786 1533 1825; x_wconf 88' lang='lat' dir='ltr'>tum</span> <span class='ocrx_word' id='word_1_191' title='bbox 1560 1781 1664 1824; x_wconf 86' lang='lat' dir='ltr'>scri-</span> 
     </span>
     <span class='ocr_line' id='line_1_24' title="bbox 143 1857 1659 1919; baseline -0.004 -14"><span class='ocrx_word' id='word_1_192' title='bbox 143 1863 223 1919; x_wconf 88' lang='lat' dir='ltr'>ptis</span> <span class='ocrx_word' id='word_1_193' title='bbox 259 1863 387 1919; x_wconf 90' lang='lat' dir='ltr'>ipsius</span> <span class='ocrx_word' id='word_1_194' title='bbox 425 1861 637 1906; x_wconf 87' lang='lat' dir='ltr'>Ecclesiae</span> <span class='ocrx_word' id='word_1_195' title='bbox 676 1863 765 1906; x_wconf 91' lang='lat' dir='ltr'>iura</span> <span class='ocrx_word' id='word_1_196' title='bbox 799 1860 1018 1905; x_wconf 82' lang='lat' dir='ltr'>defendere</span> <span class='ocrx_word' id='word_1_197' title='bbox 1055 1872 1313 1917; x_wconf 86' lang='lat' dir='ltr'>summopere</span> <span class='ocrx_word' id='word_1_198' title='bbox 1350 1862 1443 1902; x_wconf 82' lang='lat' dir='ltr'>sunt</span> <span class='ocrx_word' id='word_1_199' title='bbox 1479 1857 1659 1914; x_wconf 82' lang='lat' dir='ltr'>gloriati.</span> 
     </span>
     <span class='ocr_line' id='line_1_25' title="bbox 142 1934 1664 1996; baseline -0.003 -15"><span class='ocrx_word' id='word_1_200' title='bbox 142 1939 275 1996; x_wconf 79' lang='lat' dir='ltr'>Atque</span> <span class='ocrx_word' id='word_1_201' title='bbox 298 1937 556 1996; x_wconf 72' lang='lat' dir='ltr'>Apostolicae</span> <span class='ocrx_word' id='word_1_202' title='bbox 580 1939 751 1983; x_wconf 74' lang='lat' dir='ltr'>Nostrae</span> <span class='ocrx_word' id='word_1_203' title='bbox 773 1939 954 1982; x_wconf 86' lang='lat' dir='ltr'>caritatis</span> <span class='ocrx_word' id='word_1_204' title='bbox 979 1938 1123 1981; x_wconf 68' lang='lat' dir='ltr'>atsectu</span> <span class='ocrx_word' id='word_1_205' title='bbox 1152 1934 1443 1993; x_wconf 87' lang='lat' dir='ltr'>deplorandam</span> <span class='ocrx_word' id='word_1_206' title='bbox 1465 1947 1563 1978; x_wconf 88' lang='lat' dir='ltr'>saue</span> <span class='ocrx_word' id='word_1_207' title='bbox 1586 1935 1664 1977; x_wconf 89' lang='lat' dir='ltr'>mi-</span> 
     </span>
     <span class='ocr_line' id='line_1_26' title="bbox 142 2010 1665 2073; baseline -0.004 -14"><span class='ocrx_word' id='word_1_208' title='bbox 142 2019 328 2059; x_wconf 87' lang='lat' dir='ltr'>serantes</span> <span class='ocrx_word' id='word_1_209' title='bbox 364 2015 666 2068; x_wconf 84' lang='lat' dir='ltr'>conditionem,</span> <span class='ocrx_word' id='word_1_210' title='bbox 704 2017 744 2059; x_wconf 91' lang='lat' dir='ltr'>in</span> <span class='ocrx_word' id='word_1_211' title='bbox 779 2028 858 2073; x_wconf 87' lang='lat' dir='ltr'>qua</span> <span class='ocrx_word' id='word_1_212' title='bbox 882 2014 1050 2058; x_wconf 88' lang='lat' dir='ltr'>illustris</span> <span class='ocrx_word' id='word_1_213' title='bbox 1084 2012 1179 2065; x_wconf 85' lang='lat' dir='ltr'>illa,</span> <span class='ocrx_word' id='word_1_214' title='bbox 1218 2010 1425 2069; x_wconf 76' lang='lat' dir='ltr'>Nobisque</span> <span class='ocrx_word' id='word_1_215' title='bbox 1448 2011 1665 2055; x_wconf 83' lang='lat' dir='ltr'>carissIma</span> 
     </span>
     <span class='ocr_line' id='line_1_27' title="bbox 143 2086 1663 2150; baseline -0.004 -14"><span class='ocrx_word' id='word_1_216' title='bbox 143 2091 286 2145; x_wconf 79' lang='lat' dir='ltr'>Natio,</span> <span class='ocrx_word' id='word_1_217' title='bbox 323 2094 493 2150; x_wconf 89' lang='lat' dir='ltr'>eiusque</span> <span class='ocrx_word' id='word_1_218' title='bbox 516 2091 673 2150; x_wconf 77' lang='lat' dir='ltr'>Regina</span> <span class='ocrx_word' id='word_1_219' title='bbox 704 2093 744 2136; x_wconf 78' lang='lat' dir='ltr'>Iu</span> <span class='ocrx_word' id='word_1_220' title='bbox 778 2092 1007 2149; x_wconf 87' lang='lat' dir='ltr'>praesentia</span> <span class='ocrx_word' id='word_1_221' title='bbox 1032 2094 1275 2142; x_wconf 74' lang='lat' dir='ltr'>versantur,</span> <span class='ocrx_word' id='word_1_222' title='bbox 1311 2089 1439 2133; x_wconf 72' lang='lat' dir='ltr'>enixis</span> <span class='ocrx_word' id='word_1_223' title='bbox 1472 2086 1663 2145; x_wconf 86' lang='lat' dir='ltr'>precibus</span> 
     </span>
     <span class='ocr_line' id='line_1_28' title="bbox 144 2163 1666 2227; baseline -0.003 -15"><span class='ocrx_word' id='word_1_224' title='bbox 144 2168 230 2212; x_wconf 92' lang='lat' dir='ltr'>Deo</span> <span class='ocrx_word' id='word_1_225' title='bbox 253 2167 418 2226; x_wconf 88' lang='lat' dir='ltr'>Optimo</span> <span class='ocrx_word' id='word_1_226' title='bbox 441 2169 617 2213; x_wconf 75' lang='lat' dir='ltr'>Maximo</span> <span class='ocrx_word' id='word_1_227' title='bbox 662 2168 968 2227; x_wconf 89' lang='lat' dir='ltr'>supplicamus,</span> <span class='ocrx_word' id='word_1_228' title='bbox 1002 2171 1045 2211; x_wconf 94' lang='lat' dir='ltr'>ut</span> <span class='ocrx_word' id='word_1_229' title='bbox 1075 2168 1207 2225; x_wconf 89' lang='lat' dir='ltr'>ipsam</span> <span class='ocrx_word' id='word_1_230' title='bbox 1232 2165 1444 2209; x_wconf 77' lang='lat' dir='ltr'>Nationem</span> <span class='ocrx_word' id='word_1_231' title='bbox 1479 2168 1518 2208; x_wconf 87' lang='lat' dir='ltr'>et</span> <span class='ocrx_word' id='word_1_232' title='bbox 1540 2163 1666 2220; x_wconf 79' lang='lat' dir='ltr'>Regi-</span> 
     </span>
     <span class='ocr_line' id='line_1_29' title="bbox 146 2241 1664 2303; baseline -0.003 -15"><span class='ocrx_word' id='word_1_233' title='bbox 146 2257 240 2289; x_wconf 76' lang='lat' dir='ltr'>nam</span> <span class='ocrx_word' id='word_1_234' title='bbox 263 2247 527 2303; x_wconf 85' lang='lat' dir='ltr'>omnipotenti</span> <span class='ocrx_word' id='word_1_235' title='bbox 551 2259 626 2290; x_wconf 90' lang='lat' dir='ltr'>sua</span> <span class='ocrx_word' id='word_1_236' title='bbox 647 2247 796 2290; x_wconf 49' lang='lat' dir='ltr'>Virtute</span> <span class='ocrx_word' id='word_1_237' title='bbox 819 2246 939 2297; x_wconf 88' lang='lat' dir='ltr'>tueri,</span> <span class='ocrx_word' id='word_1_238' title='bbox 966 2243 1182 2296; x_wconf 82' lang='lat' dir='ltr'>consolarI,</span> <span class='ocrx_word' id='word_1_239' title='bbox 1213 2247 1251 2287; x_wconf 91' lang='lat' dir='ltr'>et</span> <span class='ocrx_word' id='word_1_240' title='bbox 1273 2255 1297 2286; x_wconf 90' lang='lat' dir='ltr'>a</span> <span class='ocrx_word' id='word_1_241' title='bbox 1320 2243 1439 2286; x_wconf 89' lang='lat' dir='ltr'>tantis</span> <span class='ocrx_word' id='word_1_242' title='bbox 1463 2241 1664 2298; x_wconf 81' lang='lat' dir='ltr'>angustiis</span> 
     </span>
     <span class='ocr_line' id='line_1_30' title="bbox 146 2321 444 2378; baseline 0 -14"><span class='ocrx_word' id='word_1_243' title='bbox 146 2322 306 2378; x_wconf 85' lang='lat' dir='ltr'>eripere</span> <span class='ocrx_word' id='word_1_244' title='bbox 330 2321 444 2366; x_wconf 77' lang='lat' dir='ltr'>velit.</span> 
     </span>
    </p>

    <p class='ocr_par' dir='ltr' id='par_1_4' title="bbox 148 2392 1672 2838">
     <span class='ocr_line' id='line_1_31' title="bbox 207 2392 1667 2451; baseline -0.003 -11"><span class='ocrx_word' id='word_1_245' title='bbox 207 2397 293 2441; x_wconf 85' lang='lat' dir='ltr'>lam</span> <span class='ocrx_word' id='word_1_246' title='bbox 325 2411 420 2442; x_wconf 66' lang='lat' dir='ltr'>vero</span> <span class='ocrx_word' id='word_1_247' title='bbox 455 2400 632 2442; x_wconf 85' lang='lat' dir='ltr'>noscatis</span> <span class='ocrx_word' id='word_1_248' title='bbox 664 2398 866 2451; x_wconf 87' lang='lat' dir='ltr'>velimus,</span> <span class='ocrx_word' id='word_1_249' title='bbox 906 2395 1172 2441; x_wconf 80' lang='lat' dir='ltr'>Venerabiles</span> <span class='ocrx_word' id='word_1_250' title='bbox 1206 2395 1397 2448; x_wconf 85' lang='lat' dir='ltr'>Fratres,</span> <span class='ocrx_word' id='word_1_251' title='bbox 1436 2392 1667 2439; x_wconf 81' lang='lat' dir='ltr'>incredibili</span> 
     </span>
     <span class='ocr_line' id='line_1_32' title="bbox 148 2470 1668 2530; baseline -0.005 -12"><span class='ocrx_word' id='word_1_252' title='bbox 148 2474 232 2518; x_wconf 70' lang='lat' dir='ltr'>Nos</span> <span class='ocrx_word' id='word_1_253' title='bbox 255 2475 350 2530; x_wconf 80' lang='lat' dir='ltr'>angi</span> <span class='ocrx_word' id='word_1_254' title='bbox 374 2473 628 2530; x_wconf 82' lang='lat' dir='ltr'>aegritudine</span> <span class='ocrx_word' id='word_1_255' title='bbox 662 2474 713 2519; x_wconf 91' lang='lat' dir='ltr'>ob</span> <span class='ocrx_word' id='word_1_256' title='bbox 745 2474 1095 2519; x_wconf 88' lang='lat' dir='ltr'>luctuosissimum</span> <span class='ocrx_word' id='word_1_257' title='bbox 1130 2486 1229 2517; x_wconf 90' lang='lat' dir='ltr'>sane</span> <span class='ocrx_word' id='word_1_258' title='bbox 1253 2477 1431 2522; x_wconf 88' lang='lat' dir='ltr'>statum,</span> <span class='ocrx_word' id='word_1_259' title='bbox 1471 2470 1521 2514; x_wconf 88' lang='lat' dir='ltr'>ad</span> <span class='ocrx_word' id='word_1_260' title='bbox 1545 2481 1668 2527; x_wconf 87' lang='lat' dir='ltr'>quem</span> 
     </span>
     <span class='ocr_line' id='line_1_33' title="bbox 150 2547 1664 2607; baseline -0.005 -13"><span class='ocrx_word' id='word_1_261' title='bbox 150 2551 316 2596; x_wconf 85' lang='lat' dir='ltr'>redacta</span> <span class='ocrx_word' id='word_1_262' title='bbox 339 2555 399 2595; x_wconf 88' lang='lat' dir='ltr'>est</span> <span class='ocrx_word' id='word_1_263' title='bbox 422 2552 680 2594; x_wconf 84' lang='lat' dir='ltr'>sanctissima</span> <span class='ocrx_word' id='word_1_264' title='bbox 701 2555 841 2595; x_wconf 88' lang='lat' dir='ltr'>nostra</span> <span class='ocrx_word' id='word_1_265' title='bbox 863 2551 1007 2607; x_wconf 85' lang='lat' dir='ltr'>religio</span> <span class='ocrx_word' id='word_1_266' title='bbox 1031 2551 1071 2593; x_wconf 93' lang='lat' dir='ltr'>in</span> <span class='ocrx_word' id='word_1_267' title='bbox 1094 2548 1302 2600; x_wconf 70' lang='lat' dir='ltr'>Helvetia,</span> <span class='ocrx_word' id='word_1_268' title='bbox 1330 2561 1375 2592; x_wconf 88' lang='lat' dir='ltr'>ac</span> <span class='ocrx_word' id='word_1_269' title='bbox 1399 2547 1637 2605; x_wconf 86' lang='lat' dir='ltr'>praesertim</span> <span class='ocrx_word' id='word_1_270' title='bbox 1653 2579 1664 2597; x_wconf 87' lang='lat'>,</span> 
     </span>
     <span class='ocr_line' id='line_1_34' title="bbox 150 2620 1671 2685; baseline -0.005 -14"><span class='ocrx_word' id='word_1_271' title='bbox 150 2627 254 2685; x_wconf 79' lang='lat' dir='ltr'>proh</span> <span class='ocrx_word' id='word_1_272' title='bbox 277 2626 414 2672; x_wconf 80' lang='lat' dir='ltr'>dolor!</span> <span class='ocrx_word' id='word_1_273' title='bbox 452 2629 492 2670; x_wconf 86' lang='lat' dir='ltr'>in</span> <span class='ocrx_word' id='word_1_274' title='bbox 515 2625 764 2684; x_wconf 88' lang='lat' dir='ltr'>quibusdam</span> <span class='ocrx_word' id='word_1_275' title='bbox 794 2626 1021 2684; x_wconf 88' lang='lat' dir='ltr'>potioribus</span> <span class='ocrx_word' id='word_1_276' title='bbox 1045 2624 1256 2669; x_wconf 85' lang='lat' dir='ltr'>catholicis</span> <span class='ocrx_word' id='word_1_277' title='bbox 1280 2635 1420 2667; x_wconf 85' lang='lat' dir='ltr'>earum</span> <span class='ocrx_word' id='word_1_278' title='bbox 1444 2620 1671 2665; x_wconf 83' lang='lat' dir='ltr'>foederata-</span> 
     </span>
     <span class='ocr_line' id='line_1_35' title="bbox 152 2697 1672 2761; baseline -0.004 -16"><span class='ocrx_word' id='word_1_279' title='bbox 152 2715 244 2746; x_wconf 82' lang='lat' dir='ltr'>rum</span> <span class='ocrx_word' id='word_1_280' title='bbox 266 2704 479 2760; x_wconf 85' lang='lat' dir='ltr'>regionum</span> <span class='ocrx_word' id='word_1_281' title='bbox 514 2704 648 2761; x_wconf 83' lang='lat' dir='ltr'>pagis.</span> <span class='ocrx_word' id='word_1_282' title='bbox 687 2701 873 2760; x_wconf 78' lang='lat' dir='ltr'>Namque</span> <span class='ocrx_word' id='word_1_283' title='bbox 901 2701 958 2746; x_wconf 90' lang='lat' dir='ltr'>ibi</span> <span class='ocrx_word' id='word_1_284' title='bbox 993 2706 1033 2745; x_wconf 92' lang='lat' dir='ltr'>et</span> <span class='ocrx_word' id='word_1_285' title='bbox 1067 2700 1289 2744; x_wconf 86' lang='lat' dir='ltr'>catholicae</span> <span class='ocrx_word' id='word_1_286' title='bbox 1323 2697 1534 2742; x_wconf 84' lang='lat' dir='ltr'>Ecclesiae</span> <span class='ocrx_word' id='word_1_287' title='bbox 1558 2700 1672 2752; x_wconf 86' lang='lat' dir='ltr'>pote-</span> 
     </span>
     <span class='ocr_line' id='line_1_36' title="bbox 154 2772 1671 2838; baseline -0.004 -16"><span class='ocrx_word' id='word_1_288' title='bbox 154 2784 260 2831; x_wconf 82' lang='lat' dir='ltr'>stas,</span> <span class='ocrx_word' id='word_1_289' title='bbox 286 2784 405 2838; x_wconf 89' lang='lat' dir='ltr'>atque</span> <span class='ocrx_word' id='word_1_290' title='bbox 427 2779 597 2825; x_wconf 86' lang='lat' dir='ltr'>libertas</span> <span class='ocrx_word' id='word_1_291' title='bbox 621 2791 843 2837; x_wconf 86' lang='lat' dir='ltr'>oppressa,</span> <span class='ocrx_word' id='word_1_292' title='bbox 870 2782 909 2822; x_wconf 92' lang='lat' dir='ltr'>et</span> <span class='ocrx_word' id='word_1_293' title='bbox 931 2777 1254 2835; x_wconf 83' lang='lat' dir='ltr'>EpIscoporum,</span> <span class='ocrx_word' id='word_1_294' title='bbox 1281 2779 1524 2832; x_wconf 86' lang='lat' dir='ltr'>sanctaeque</span> <span class='ocrx_word' id='word_1_295' title='bbox 1547 2772 1671 2816; x_wconf 85' lang='lat' dir='ltr'>huius</span> 
     </span>
    </p>
   </div>
  </div>
 </body>
</html>
