1987 3132
698 81 752 124 90
777 94 932 125 ,tramis
957 82 1087 125 1819.
1595 84 1648 128 37

136 176 296 222 viribus
314 176 603 228 allaborarunt‚
629 179 672 220 ut
691 188 841 219 norum
864 180 1080 233 cogeretur
1097 174 1335 229 Consilium,
1356 177 1463 234 quod
1489 177 1650 221 Consti-

135 254 282 299 tuentis
305 253 519 298 Romanae
541 253 703 297 nomine
740 266 976 311 nuncupare
1014 252 1242 297 voluerunt.
1285 253 1448 310 Refugit
1486 254 1650 312 quidem

135 333 314 383 animus,
341 343 388 375 ac
426 329 561 373 (licere
592 328 828 373 reformidat
868 328 1016 387 quibus
1052 331 1295 387 quantisque
1335 330 1546 375 fraudibus
1571 332 1650 388 ipsi

133 409 199 452 usi
223 409 384 458 suerInt,
413 410 455 450 ut
480 404 680 450 eiusmodi
721 418 807 449 rem
847 405 897 449 ad
937 407 1088 449 exitum
1128 406 1412 463 perducerent.
1454 407 1529 451 Hic
1554 421 1650 452 vero

132 484 243 529 haud
266 497 501 540 possumus,
522 484 619 541 quin
643 483 811 526 meritas
830 484 975 526 malori
1000 482 1236 527 Pontificiae
1252 483 1414 528 ditionis
1434 483 1650 540 Magistra-

133 565 247 605 tuum
272 562 374 617 parti
397 559 540 604 laudes
567 558 806 611 trIbuamus,
834 560 902 617 qui
926 561 1079 617 proprii
1104 559 1267 604 lionoris
1291 565 1329 604 et
1354 561 1474 604 officii
1497 573 1652 605 memo-

132 650 200 681 res
224 649 392 680 munere
418 649 462 680 se
486 635 676 680 abdicare
700 635 943 687 maluerunt,
973 648 1095 693 quam
1111 636 1192 679 ullo
1211 636 1329 680 modo
1354 650 1518 680 manum
1537 637 1651 694 operi

133 713 369 766 admovere,
397 726 477 771 quo
514 726 653 756 eorum
690 712 885 770 Princeps
921 717 959 757 et
998 714 1303 757 amantissimus
1327 712 1650 769 Paterlegitimo

133 803 206 836 suo
230 790 341 835 civili
364 790 598 848 Principatu
622 789 887 848 spoliabatur.
915 789 1018 834 lllud
1044 790 1205 834 tandem
1229 789 1441 834 consilium
1473 791 1546 834 fuit
1584 803 1652 835 co-

133 871 284 916 actum,
312 871 349 911 et
373 865 537 925 quidam
560 865 765 910 Romanus
789 865 1023 910 Advocatus
1062 865 1125 910 rel
1165 867 1205 910 in
1238 868 1327 924 ipso
1359 879 1456 911 suae
1493 867 1650 924 prImae

137 944 329 987 orationis
354 941 520 986 exordio
543 941 594 985 ad
619 949 888 997 congregatos
913 940 1091 995 habitae,
1132 942 1321 986 omnibus
1357 942 1465 987 clare
1489 947 1650 1000 aperte-

132 1031 211 1077 que
236 1017 476 1071 declaravit,
504 1017 601 1076 quid
624 1019 712 1076 ipse
737 1019 952 1076 cunctique
975 1017 1042 1062 alii
1065 1019 1128 1062 sui
1152 1020 1250 1062 socii
1286 1019 1494 1063 horribilis
1518 1021 1649 1076 agita-

131 1096 253 1139 tionis
277 1099 463 1139 auctores
487 1096 698 1146 sentirent,
726 1094 824 1153 quid
846 1094 1011 1148 vellent,
1038 1100 1076 1139 et
1099 1108 1177 1153 quo
1201 1100 1447 1153 spectarent.
1475 1095 1578 1148 Lex,
1605 1100 1647 1139 ut

131 1170 199 1216 ille
221 1171 445 1230 inquiebat,
488 1171 656 1215 moralis
691 1185 938 1230 proffessus
962 1176 1021 1215 est
1044 1171 1264 1230 imperiosa
1301 1177 1338 1215 el
1362 1171 1641 1225 inexorabilis,

131 1261 179 1293 ac
202 1249 322 1292 simul
347 1248 538 1301 addebat,
565 1247 660 1301 sibi,
688 1250 918 1306 ceterisque
947 1248 1100 1292 iamditt
1134 1251 1174 1292 in
1207 1250 1341 1293 animo
1370 1249 1498 1293 fixum
1532 1262 1642 1301 esse,

135 1325 358 1383 temporale
382 1325 637 1382 Apostolicae
661 1325 778 1369 Sedis
802 1325 1025 1369 dominium
1049 1338 1095 1369 ac
1119 1327 1302 1383 regimen
1326 1325 1504 1370 funditus
1530 1339 1645 1370 ever-

135 1405 235 1454 tere,
262 1401 355 1445 Hcet
378 1401 509 1446 modIs
534 1400 724 1445 omnibus
756 1414 895 1445 eorum
921 1401 1137 1446 desideriis
1171 1416 1194 1446 a
1216 1401 1342 1446 Nobis
1366 1402 1508 1446 fuisset
1532 1401 1646 1446 obse-

134 1477 370 1523 cundatum.
393 1477 525 1531 Quam
540 1477 855 1522 declarationem
877 1480 917 1522 in
932 1478 1005 1522 hoc
1028 1482 1165 1523 vestro
1183 1491 1378 1522 consessu
1400 1491 1648 1523 commemo-

133 1567 226 1598 rare
245 1553 463 1606 volumius,
485 1559 528 1598 ut
546 1567 686 1598 omnes
711 1553 938 1610 intelligant
956 1567 1125 1612 pravam
1148 1553 1382 1597 huiusmodi
1399 1553 1648 1598 voluntatem

134 1643 214 1675 non
233 1631 479 1683 coniectura,
501 1635 566 1675 aut
585 1631 817 1688 suspicione
837 1630 970 1689 aliqua
988 1644 1011 1675 a
1029 1630 1155 1675 Nobis
1180 1630 1391 1675 turbarum
1414 1630 1648 1676 auctoribus

132 1707 258 1752 fuisse
281 1707 528 1760 attrIbutam,
556 1707 629 1752 sed
652 1721 742 1751 eam
764 1709 957 1752 universo
983 1712 1183 1752 terrarum
1201 1707 1290 1753 orbi
1314 1707 1445 1766 palam
1466 1707 1649 1765 publice-

140 1797 219 1843 que
243 1783 294 1828 ab
317 1783 397 1828 illis
422 1785 523 1842 ipsis
556 1784 871 1835 manifestatam,
908 1797 1008 1842 quos
1043 1784 1107 1828 vel
1141 1785 1229 1841 ipse
1269 1783 1397 1842 pudor
1432 1783 1483 1827 ab
1506 1782 1649 1828 eadem

137 1859 380 1918 proferenda
433 1859 704 1904 declaratione
756 1872 951 1904 revocare
1002 1858 1228 1903 debuisset.
1293 1859 1380 1903 Non
1435 1857 1648 1903 liberiores

137 1936 263 1992 igitur
285 1936 574 1988 institutiones,
600 1949 679 1979 non
713 1935 918 1979 utilIOrem
950 1935 1137 1993 publicae
1173 1935 1536 1979 administrationiS
1561 1948 1654 1993 pro-

138 2013 406 2063 curationem,
433 2025 512 2056 non
536 2011 728 2069 providas
752 2013 947 2069 cuiusque
966 2013 1129 2068 generis
1149 2011 1422 2056 ordinationes
1445 2011 1655 2056 huittsmo-

140 2087 181 2133 di
199 2087 384 2132 homines
407 2087 640 2146 euplebant,
670 2087 742 2132 sed
764 2087 924 2132 civilem
943 2087 1199 2145 Apostolicae
1223 2086 1339 2131 Sedis
1362 2087 1650 2144 principatum,

138 2171 462 2225 potestatemque
499 2168 712 2224 impetere,
755 2165 995 2219 convellere,
1023 2179 1070 2210 ac
1108 2165 1318 2210 destruere
1357 2166 1520 2210 omnIno
1544 2164 1656 2209 vole-

138 2241 252 2287 bant.
279 2243 338 2287 Ac
364 2243 563 2288 eiusmodi
587 2243 818 2298 consilium,
844 2247 1042 2302 quantum
1073 2244 1113 2286 in
1154 2244 1256 2300 ipsis
1291 2242 1388 2294 suit,
1429 2241 1480 2286 ad
1503 2243 1656 2286 exitum

143 2318 397 2363 deduxerunt
420 2319 487 2363 illo
510 2318 738 2373 Romanae,
771 2320 829 2363 uti
852 2324 1012 2372 vocant,
1041 2318 1331 2363 Constz'lzcentis
1354 2319 1516 2363 decreto
1539 2317 1605 2362 die
1630 2318 1653 2359 9

143 2394 358 2439 Februarii
380 2393 500 2438 huius
524 2397 618 2439 anni
642 2395 764 2448 edito,
808 2409 887 2454 quo
926 2396 1151 2447 nescimus,
1188 2409 1237 2439 an
1276 2396 1421 2439 maiori
1457 2394 1656 2438 iniustitIa

143 2476 282 2517 contra
306 2472 393 2515 iura
418 2470 622 2515 Romanae
645 2471 869 2525 Ecclesiae,
896 2471 1212 2530 adiunctamque
1235 2471 1314 2516 illis
1340 2470 1561 2529 Apostolici
1583 2469 1657 2514 ob-

144 2548 264 2594 eundi
288 2548 468 2592 muneris
491 2546 736 2600 libertatem,
775 2548 839 2592 vel
863 2550 1007 2593 maiori
1046 2549 1301 2593 subditorum
1339 2547 1572 2591 Pontificiae
1594 2546 1657 2590 di-

143 2625 264 2670 tionis
288 2624 436 2669 damno
459 2628 498 2668 et
521 2623 766 2676 calamitate,
800 2624 1006 2669 Romanos
1044 2625 1262 2670 Pontifices
1287 2638 1309 2668 a
1331 2622 1545 2680 temporali
1573 2620 1657 2666 Gu-

143 2700 288 2747 bernio
311 2706 395 2746 tum
418 2703 505 2746 iure
530 2706 613 2746 tum
637 2701 739 2745 facto
762 2700 966 2746 decidisse
988 2701 1260 2746 declararunt.
1282 2700 1369 2744 Non
1392 2699 1472 2743 levi
1493 2698 1659 2757 quidem

145 2791 329 2824 moerore
352 2778 403 2824 ob
428 2783 510 2823 tam
533 2779 668 2823 tristia
691 2778 792 2823 facta
816 2779 986 2823 contecti
1004 2775 1452 2830 stiin111S,Vene1¹abiles
1474 2775 1655 2828 Fratres,
