1987 3132
693 61 748 106 ΞΟ
772 75 927 106 Armms
953 62 1083 105 1819.
1592 62 1650 109 33

129 159 277 218 quibus
302 158 440 203 ltaliae
468 158 690 215 Frinpres,
731 157 949 214 populique
972 158 1114 201 intIme
1138 158 1244 201 inter
1268 170 1312 201 se
1351 156 1553 214 obstringi
1576 157 1653 203 de-

128 235 294 287 bebant,
331 234 528 279 dissoluta
563 233 750 284 fuissent,
794 245 841 275 ac
865 232 1001 289 pepuli
1024 234 1104 290 ipsi
1128 246 1296 277 suorum
1319 233 1556 292 Principum
1578 247 1652 279 san

128 313 337 371 pientiam,
365 322 584 368 eorumque
619 311 768 353 iurium
804 311 1059 353 sanctitatem
1096 311 1248 363 vereri,
1288 322 1335 354 ac
1360 311 1451 354 totis
1488 310 1649 356 imbus

129 391 232 433 tueri
255 394 294 433 et,
316 388 531 432 defendere
555 385 844 443 neglexissent.

187 466 278 510 Etsi
305 478 397 508 rere
420 464 566 507 Nostra
588 462 656 506 illa
679 461 804 506 verba
827 476 955 519 nuper
970 467 1287 507 commemorata
1310 462 1650 521 traiiquillitatem

124 540 242 586 breti
264 540 429 598 quidem
447 540 639 597 temporis
659 540 790 596 spatio
807 540 856 582 ils
881 537 1070 582 onmibus
1102 539 1289 592 attulere,
1311 552 1485 597 quorum
1502 539 1657 583 volun·

128 622 187 662 tas
206 618 417 661 continuae
432 615 728 661 adversabatur
750 614 1062 672 perturbationi,
1080 614 1180 659 nibil
1206 620 1339 660 tamen
1355 615 1519 660 valuere
1538 614 1652 673 apud

124 694 422 738 infensissimos
457 692 668 737 Ecclesiae
692 697 730 736 et
753 691 954 736 humanae
988 693 1194 736 societatis
1234 691 1386 744 hostes,
1415 694 1485 750 qui
1520 704 1650 737 novas

125 772 208 815 iam
242 770 398 825 turbas,
440 783 565 814 novos
600 768 795 813 tumultus
834 770 1149 813 concitaverant.
1187 767 1397 826 SIquIdem
1431 768 1650 814 calumniis

125 847 379 899 insistentes,
417 860 521 904 quae
543 846 594 890 ab
619 847 738 904 ipsis,
781 858 973 889 eorumve
1009 844 1214 889 similibus
1239 849 1379 889 contra
1415 843 1650 901 Religiosos

127 922 243 967 Viros
268 922 404 966 dirine
428 923 653 966 ministerio
677 921 877 973 addictos,
901 926 940 965 et
962 920 1065 965 bene
1089 921 1138 965 de
1162 920 1350 965 Ecclesia
1371 923 1537 966 meritos
1561 921 1650 967 dis-

125 1000 349 1043 seminatae
371 999 545 1051 fuerant,
574 997 789 1056 populares
829 1000 911 1041 iras
935 999 1046 1041 omui
1068 1000 1222 1055 impetu
1245 997 1443 1042 adversus
1465 997 1554 1042 illos
1578 1010 1654 1042 ex·

126 1077 300 1121 eitaruut
323 1081 444 1134 atque
478 1077 797 1119 inflammarunt.
825 1075 965 1132 Neque
1004 1076 1222 1131 ignoratis,
1250 1072 1514 1118 Venerabiles
1549 1073 1655 1119 Fra-

128 1158 223 1205 tres,
251 1152 349 1196 nibil
374 1152 551 1196 valuisse
574 1152 720 1196 Nostra
742 1150 871 1195 verba
893 1151 945 1195 ad
970 1151 1163 1209 populum
1188 1150 1253 1195 die
1278 1150 1332 1194 10
1358 1150 1493 1194 Martii
1524 1163 1652 1208 supe-

124 1230 245 1274 rloris
269 1231 363 1272 anui
386 1228 538 1280 babila,
567 1227 715 1286 quibus
740 1227 993 1284 Religiosam
1016 1227 1129 1271 illam
1168 1226 1365 1271 familiam
1390 1225 1440 1270 ab
1465 1225 1584 1271 exilio
1608 1231 1651 1272 et

128 1304 379 1363 dispersione
402 1307 558 1362 eripere
581 1317 830 1361 magnopere
852 1303 1135 1348 studebamus.

188 1380 289 1426 Cum
312 1382 416 1425 inter
439 1380 539 1425 baec
559 1382 794 1425 notissimae
817 1380 909 1423 illae
930 1393 1064 1423 rerum
1083 1378 1339 1437 publicarum
1359 1380 1650 1424 conversiones

128 1459 170 1502 In
194 1457 306 1501 italia
329 1462 368 1502 et
403 1457 570 1515 Europa
604 1459 828 1508 erenireut,
856 1456 937 1500 Nos
961 1458 1109 1500 iterum
1147 1454 1422 1513 Apostolicam
1454 1453 1649 1498 Nostram

128 1533 353 1578 attollentes
374 1546 514 1577 vocem
536 1532 602 1577 dte
626 1533 680 1576 30
703 1533 838 1576 Martii
862 1532 1045 1576 eiusdem
1069 1533 1165 1576 anni
1186 1530 1297 1575 haud
1320 1531 1532 1575 omisimus
1556 1529 1653 1573 uni-

130 1623 269 1654 versos
294 1610 462 1668 populos
499 1611 621 1654 etiam
644 1615 765 1667 atque
789 1610 910 1653 eliam
933 1621 1115 1660 monere,
1158 1607 1327 1660 hortari,
1352 1611 1397 1651 ut
1418 1610 1457 1650 et.
1479 1605 1653 1650 catholi-

131 1700 202 1732 cae
220 1686 430 1731 Ecclesiae
444 1687 675 1731 libertatem
692 1687 841 1738 vereri,
864 1690 902 1729 et
916 1687 970 1729 cix
983 1683 1047 1728 ilis
1068 1685 1272 1728 societatis
1288 1683 1472 1728 ordinem
1490 1689 1643 1739 tegere,

131 1768 169 1808 et
192 1766 370 1809 omnium
394 1765 483 1808 lura
507 1765 624 1816 tueri,
651 1769 689 1807 et
727 1763 1012 1807 sanctissimae
1033 1765 1197 1805 nostrae
1219 1760 1442 1816 Religionis
1480 1772 1652 1815 praece—

133 1845 202 1897 pta
225 1844 385 1898 exequi,
413 1846 451 1884 et
475 1842 516 1884 iu
539 1842 683 1898 prImis
706 1839 973 1883 christianam
996 1840 1038 1882 in
1061 1850 1203 1881 omnes
1226 1838 1435 1880 caritatem
1459 1848 1650 1881 exercere

133 1918 296 1960 omnino
320 1916 544 1968 studerent,
572 1914 901 1974 quandoquidem
925 1916 960 1958 si
983 1913 1085 1958 haec
1107 1914 1187 1971 ipsi
1205 1925 1328 1969 agere
1351 1911 1648 1969 neglexissent,

133 2006 207 2051 pro
231 1998 339 2038 certo
374 1992 585 2044 baberent,
626 1991 732 2050 quod
755 1991 864 2036 Deus
889 1989 1136 2044 ostenderet,
1178 2002 1223 2034 se
1245 1988 1486 2047 populorum
1520 1988 1654 2034 domi-

134 2075 318 2116 natorem
352 2083 456 2114 esse.

194 2147 280 2191 iam
314 2160 410 2191 vero
447 2149 619 2205 quisque
657 2150 837 2190 vestrum
868 2144 987 2202 plane
1023 2145 1155 2188 noscit
1179 2142 1381 2202 quomodo
1416 2144 1458 2187 in
1492 2141 1655 2187 Italiam

137 2224 480 2268 Constitutionarii
503 2224 713 2281 regiminis
739 2224 867 2267 forma
891 2223 1010 2266 suerit
1034 2222 1209 2273 invecta,
1236 2224 1275 2264 et
1296 2218 1497 2279 quomedo
1520 2218 1657 2264 Statu-

141 2304 223 2343 tum
247 2313 269 2343 a
291 2299 416 2344 Nobis
452 2300 516 2344 die
541 2300 595 2343 ss
618 2299 751 2344 Martii
790 2299 1013 2357 superi01·1s
1036 2299 1133 2342 anni
1155 2297 1314 2342 Nostris
1354 2296 1535 2341 SubditiS
1559 2308 1662 2340 con-

138 2387 298 2419 cessum
323 2376 363 2419 ln
380 2375 512 2419 lucem
536 2375 747 2433 prodierit.
767 2374 868 2420 Cum
884 2372 1315 2432 autemimplacabiles
1341 2371 1529 2430 publicae
1544 2377 1661 2416 tran-

137 2451 349 2510 quillitatis
373 2456 411 2495 et
433 2451 585 2496 ordinis
609 2451 746 2496 hostes
769 2451 868 2496 nihil
891 2453 1095 2509 antiquius
1135 2449 1347 2503 haberent,
1375 2462 1498 2508 quam
1520 2449 1659 2493 omnIa

138 2533 279 2573 contra
302 2528 554 2572 Pontificium
588 2528 840 2573 Gubernium
869 2530 1021 2580 conari,
1050 2532 1088 2573 ct
1122 2527 1314 2585 populum
1337 2526 1517 2571 assiduis
1539 2525 1664 2569 moti-

142 2605 235 2658 bus,
274 2604 574 2663 suspicionibus
609 2606 847 2660 exagitare,
888 2610 971 2649 tum
994 2618 1075 2662 qua
1097 2606 1262 2661 scriptis
1295 2605 1336 2647 in
1359 2602 1492 2646 lucem
1514 2600 1659 2655 editis,

140 2694 222 2739 qua
244 2681 430 2733 CirculIs,
459 2695 537 2740 qna
551 2680 836 2733 Societathus,
859 2686 898 2724 et
920 2681 1009 2725 aliis
1033 2679 1264 2738 qulbusque
1280 2677 1436 2722 artibus
1451 2688 1662 2734 nunquam

143 2758 459 2804 intermittebant
481 2757 733 2804 Gubernium
752 2758 939 2802 atrociter
962 2756 1215 2810 calumniari,
1235 2756 1352 2813 eique
1368 2755 1555 2809 inertiae,
1577 2752 1662 2798 doli

1338 2830 1363 2875 3
