1987 3132
672 51 725 95 27
751 65 992 96 snrrnnmus
1016 52 1145 96 1852.
1585 55 1670 99 115

149 151 261 192 certe
284 145 403 191 laude
426 145 609 203 dignam,
635 145 687 190 ab
710 145 778 190 illo
804 145 962 190 vicano
986 139 1181 200 habitam,
1208 146 1319 192 idem
1341 147 1394 192 ad
1416 147 1577 193 laicalia
1600 151 1674 195 tri-

148 223 316 268 bunalia
353 225 424 268 l‘uit
459 228 691 275 accusatus,
733 236 757 266 a
780 225 933 281 proprii
957 226 1137 268 numeris
1177 226 1369 269 exercitio
1408 217 1667 279 interdictus,

147 300 285 358 palam
326 300 567 358 publiceque
603 299 937 357 comprehensus,
980 314 1027 344 ac
1050 301 1241 359 deinceps
1281 304 1436 347 carceri
1473 316 1546 360 por
1568 302 1671 348 duos

148 389 330 429 menses,
357 390 404 422 ac
426 391 499 434 per
521 390 593 420 sex
614 377 857 434 captivitati,
884 390 956 421 seu
996 377 1216 422 detentioni
1239 378 1468 430 damnatus,
1497 378 1672 437 aliIsque

148 453 367 497 afflictatus
407 454 565 509 pocnIs.
608 452 739 510 Atque
762 454 803 496 in
825 452 902 496 hac
926 466 969 496 re
992 453 1092 497 illud
1130 455 1193 498 vel
1217 456 1393 499 maxiine
1431 454 1666 508 dolendum,

147 529 414 574 Venerabiles
438 529 617 581 Fratres,
645 529 753 588 quod
780 529 963 574 ‘sicarius
987 529 1229 587 Capitularis
1254 533 1435 575 vacantis
1458 531 1672 577 Ecclesiae

146 606 451 659 Antiochensis,
478 619 582 665 quae
606 607 779 650 ricinior
804 613 864 651 est
887 605 1079 663 Bogotae,
1105 608 1449 664 Neogranatensis
1473 608 1672 654 Gubernii

148 682 342 727 sensibus
378 687 416 727 et
455 683 636 727 consiliis
672 684 842 740 turpiter
865 681 1096 740 obsequens
1135 683 1244 728 haud
1285 686 1431 737 tImuit,
1474 685 1672 731 Kalendis

148 759 287 804 Martii
311 759 431 803 liuius
455 761 564 811 anni,
593 759 785 804 Edictum
809 761 1008 812 emittere,
1035 773 1113 818 quo
1132 765 1272 805 contra
1296 775 1415 806 suum
1439 761 1673 820 Metropoli-

148 841 290 881 tanum
314 837 549 893 insurgens,
577 841 614 880 et
639 838 679 880 in
704 837 791 880 eius
816 836 1139 881 iurisdictiOnem
1169 838 1368 883 Invadens
1393 838 1443 883 de
1465 838 1573 883 illius
1596 839 1673 883 Ar-

146 912 416 957 chidIeecesis
440 912 642 956 Paroeciis
674 925 898 957 concursus
922 918 1063 957 contra
1085 913 1311 959 Canonicas
1347 916 1584 960 Sanctiones
1609 917 1672 961 in-

147 989 266 1034 dixit.
310 988 387 1033 [hi
410 988 453 1033 id
474 989 642 1033 Nostras
677 990 864 1047 pervenit
903 989 955 1033 ad
978 1003 1113 1045 aures,
1156 991 1266 1036 nulla
1288 993 1502 1037 Interiecta
1539 1007 1670 1045 mora,

146 1065 284 1110 eidem
308 1065 468 1110 VicaiiO
492 1065 714 1123 Capitulari
738 1067 978 1124 scripsimus
1009 1066 1204 1120 Litteras,
1232 1067 1381 1126 quilius
1406 1074 1561 1113 tantum
1584 1071 1672 1114 eius

146 1143 304 1187 facinus
329 1141 524 1199 gravibus
548 1143 803 1200 severisque,
831 1144 889 1187 uti
925 1156 999 1201 par
1022 1148 1123 1195 erat,
1151 1144 1289 1188 rerbts
1324 1144 1673 1202 reprehendentes

145 1223 189 1262 et
212 1218 470 1269 damnantes,
513 1217 572 1262 illi
594 1217 900 1271 mandavimus,
941 1224 985 1263 ut
1007 1218 1058 1263 ab
1083 1221 1242 1278 incepto
1266 1222 1403 1265 statim
1439 1220 1669 1275 desisteret,

147 1303 201 1340 ne
224 1295 321 1347 Nos,
349 1294 442 1338 licet
466 1295 598 1348 inriti,
627 1295 668 1338 in
693 1296 828 1352 ipsum
852 1308 900 1339 ea
938 1308 1179 1352 cogeremur
1203 1296 1438 1350 decernere,
1473 1311 1576 1356 quae
1601 1299 1673 1343 Sa-

147 1385 313 1416 crorum
349 1371 558 1415 Canonum
593 1372 808 1423 severitas,
847 1376 886 1416 et
908 1372 1131 1430 Apostolici
1168 1373 1305 1418 Nostri
1330 1376 1546 1418 ministerii
1568 1376 1672 1420 ratio

147 1447 422 1506 postulabant.
462 1448 630 1492 Interitn
664 1461 760 1492 vero
800 1449 888 1506 ipse
912 1450 1193 1506 plentissimus
1218 1450 1561 1509 Archiepiscopus
1597 1465 1671 1497 suo

146 1537 319 1569 munere
355 1524 525 1583 provide
559 1526 846 1583 saptenterque
870 1526 1044 1583 fungens
1068 1528 1256 1571 continuo
1295 1526 1488 1572 Edictum
1513 1528 1667 1582 edidit,

146 1615 229 1660 quo
251 1602 476 1645 iustissime
515 1599 704 1653 docebat,
732 1601 888 1645 nullum
910 1603 1152 1661 irritumque
1186 1615 1279 1647 esse
1302 1602 1494 1648 Edictum
1516 1604 1568 1649 ab
1604 1604 1671 1650 illo

148 1679 313 1724 vicario
337 1678 557 1737 Capitulari
580 1679 781 1724 adversus
817 1678 1036 1724 Sacrorum
1060 1680 1268 1725 Canonum
1291 1684 1543 1740 praescripta
1580 1697 1672 1740 pro-

148 1756 393 1813 mulgatum,
418 1768 467 1799 ac
488 1755 608 1799 simul
632 1757 742 1799 omni
765 1757 852 1799 iure
876 1755 1055 1808 vetabat,
1078 1770 1128 1800 ne
1151 1758 1243 1814 quis
1260 1757 1392 1801 eidem
1412 1757 1558 1802 Edicto
1576 1772 1672 1804 suas

149 1846 272 1877 aures
296 1832 377 1876 ullo
401 1831 519 1876 modo
543 1831 741 1889 praebere
763 1845 942 1889 unquam
964 1833 1100 1876 vellet.
1127 1833 1231 1877 Tum
1253 1846 1348 1877 vero
1371 1833 1470 1878 illud
1493 1834 1673 1893 Deputa-

151 1914 286 1954 ‘torum
310 1908 531 1954 ConsilIum
566 1909 605 1952 In
630 1909 840 1966 proprium
875 1908 1084 1952 Pastorem
1108 1910 1240 1965 magis*
1263 1910 1477 1968 magisque
1511 1912 1671 1958 irruens

150 2000 232 2031 non
267 1985 469 2030 dubitavit
505 1986 850 2042 spectatissimum
873 1984 1254 2043 Archiepiscopum,
1290 1987 1396 2031 sicut
1429 1987 1672 2034 riolatarum

150 2061 291 2119 legum
308 2075 438 2114 reum,
460 2074 669 2112 accusare,
692 2065 730 2105 et
749 2061 1091 2117 Neogranatensis
1115 2061 1286 2106 Senatus
1308 2062 1418 2107 haud
1441 2066 1595 2110 veritus
1611 2071 1673 2111 est

150 2144 237 2184 tam
260 2139 452 2183 iniustam
475 2142 514 2182 et
536 2139 705 2196 impiam
728 2137 943 2183 admittere
967 2140 1283 2183 accusationem.
1312 2138 1446 2198 Atque
1470 2154 1518 2186 ex
1541 2143 1673 2188 infan-

152 2216 209 2260 da
230 2215 298 2260 illa
319 2215 425 2272 lege,
445 2229 584 2274 quam,
602 2217 660 2260 uti
683 2213 734 2260 ab
753 2216 866 2260 initio
884 2214 1079 2268 diximus,
1102 2229 1185 2260 rec.
1212 2229 1292 2260 me.
1314 2215 1536 2274 Gregorius
1559 2218 1669 2273 XVI,

153 2291 450 2336 Praedecessor
474 2292 620 2337 Noster
637 2291 945 2350 reprobaverat,
964 2292 1244 2336 denuntiatum
1263 2297 1325 2338 est
1348 2293 1480 2338 eidem
1503 2294 1674 2340 Archie-

154 2369 339 2427 piscopo,
366 2373 410 2413 ut
433 2382 550 2413 suam
573 2369 898 2414 iurisdictionem
920 2371 1158 2422 remitteret,
1193 2382 1365 2428 eamque
1387 2370 1456 2415 alii
1480 2371 1674 2417 ecclesia-

154 2446 259 2491 st1co
283 2446 370 2489 tiro
393 2444 581 2489 deferret.
608 2445 697 2490 Hac
718 2451 802 2491 tam
824 2447 964 2505 Iniqua
986 2446 1289 2491 denuntiatione
1310 2452 1492 2506 accepta,
1518 2449 1586 2493 ille
1609 2462 1675 2493 re-

154 2522 447 2580 ligiosissimus
487 2522 829 2581 doctissimusque
868 2524 1063 2577 Ant1stes,
1102 2525 1294 2581 egregius
1317 2538 1366 2570 ac
1399 2530 1590 2570 strenuus
1614 2527 1675 2571 rei

154 2600 394 2652 catholicae,
422 2604 462 2644 et
485 2599 696 2644 Ecclesiae
719 2600 869 2644 iurium
890 2606 1170 2659 propugnator
1192 2605 1358 2658 paratus
1381 2614 1526 2658 aspera
1549 2614 1674 2659 quae-

155 2689 237 2734 que
259 2682 421 2735 propter
443 2677 641 2721 iustitIam
678 2677 778 2733 pati,
805 2678 1154 2733 sapientissimum
1191 2678 1534 2735 verissimumque
1560 2677 1674 2724 dedit

158 2765 401 2811 responsum
422 2789 432 2808 ‚
467 2766 546 2812 quo
579 2754 731 2798 invicta
761 2753 1002 2811 episcopalis
1035 2755 1098 2799 sui
1130 2753 1255 2799 animi
1287 2753 1523 2799 fortitudine
1562 2754 1674 2800 clare
