1987 3132
683 80 707 121 9
731 92 962 123 uormtmms
987 79 1119 122 1846.
1601 79 1657 123 15

133 176 243 221 omni
266 188 404 233 opera,
432 173 630 226 sollertIa,
655 173 858 217 industria
877 173 1115 217 clericorum
1137 172 1364 217 §emittat-ia
1388 185 1435 217 ex
1458 173 1660 218 Tridenti-

134 266 278 297 norum
301 252 465 295 Patrum
490 251 747 308 praescripto
776 249 788 284 1
820 251 1048 301 instituere,
1070 251 1104 293 si
1125 249 1303 293 nondum
1323 251 1518 303 existunt,
1540 255 1660 308 atque

133 330 333 380 instituta,
361 329 397 371 si
421 340 521 385 opus
545 327 680 377 suerit,
709 325 988 382 amplificare,
1028 338 1156 383 eaque
1191 327 1356 384 optImis
1392 325 1660 371 mmleratori—

133 403 228 457 bus,
255 409 293 448 et
316 405 523 460 magistris
547 405 767 457 instruere,
794 416 841 446 ac
865 404 1140 446 Intentissimo
1161 403 1295 446 studio
1319 404 1571 447 continenter
1595 403 1661 448 ad-

135 480 323 537 vigilare,
350 484 393 523 ut
415 478 516 523 inihi
540 480 720 523 iuniores
745 477 886 522 clerici
910 480 950 522 in
979 480 1121 522 timore
1145 478 1325 531 Domini,
1353 483 1391 524 et
1413 479 1662 524 ecclesiasti-

137 570 185 601 ea
207 555 420 613 disciplina
441 560 595 607 sancte,
622 554 894 612 relIgioseque
918 554 1157 607 educentur,
1185 560 1223 599 et
1247 556 1376 599 sacrIs
1400 556 1661 612 potissimum

138 633 319 677 scientiis
342 633 452 676 iuxta
488 631 729 675 catholicam
769 631 995 675 doctrinam
1030 630 1082 675 al)
1118 632 1226 675 omni
1262 645 1430 688 prorsus
1463 633 1662 689 cuiusque

141 710 292 754 erroris
317 708 496 766 periculo
520 707 679 762 alienis,
719 712 757 752 et
790 707 1002 752 Ecclesiae
1027 707 1339 760 traditionibus,
1369 712 1407 752 et
1429 714 1664 752 sanctorum

139 785 307 830 Patrum
330 787 509 843 scriptis,
536 786 747 842 sacrisque
771 786 1061 833 caeremoniis,
1090 784 1236 829 rithus
1267 784 1434 836 sedulo,
1470 797 1517 828 ac
1550 785 1664 842 peni-

139 867 206 908 tus
229 861 477 914 excolantur,
504 875 583 920 quo
608 861 760 906 habere
784 863 950 919 possitis
974 875 1103 905 naxos
1126 867 1247 919 atque
1269 861 1494 905 industrios
1520 874 1664 918 opera-

142 940 242 990 riOS,
270 941 339 996 qui
363 938 641 982 ecclesiastico
664 939 810 995 spiritu
847 937 1047 995 praediti,
1087 951 1135 982 ae
1169 937 1314 982 studiis
1349 942 1459 981 reete
1490 939 1663 982 instituti

140 1015 304 1059 valeant
327 1016 368 1059 in
392 1019 577 1072 tompore
601 1014 849 1058 dominicum
873 1027 1021 1071 agrum
1040 1013 1261 1070 diligenter
1280 1014 1480 1066 excolere,
1503 1027 1548 1058 ac
1568 1019 1667 1058 stre-

141 1105 220 1136 nue
242 1091 432 1149 proeliari
459 1091 613 1148 proelia
636 1090 814 1134 Domitii.
842 1091 968 1135 Porro
992 1104 1084 1134 cum
1109 1089 1237 1135 Vobis
1260 1095 1513 1148 compertum
1539 1093 1591 1135 sit
1613 1091 1666 1135 ad

143 1166 410 1211 ecelesiastici
433 1166 588 1211 ordmis
619 1166 858 1223 dignitatem
880 1203 890 1219 ,
929 1171 967 1210 et
1005 1168 1316 1210 sanctimoniam
1349 1167 1603 1211 retinendam
1629 1172 1665 1211 et

143 1243 465 1288 conservandam
489 1245 600 1301 pium
625 1242 898 1300 spiritualium
922 1244 1210 1286 exercitiorum
1234 1244 1463 1288 institutum
1493 1244 1556 1287 rel
1581 1257 1667 1288 ma-

145 1321 254 1364 xime
277 1320 519 1372 conducere,
546 1333 619 1377 pro
644 1319 865 1377 episcopali
888 1323 1026 1363 vestro
1050 1319 1134 1363 zelo
1159 1324 1241 1363 tam
1266 1319 1445 1364 salutare
1474 1334 1574 1378 opus
1598 1334 1667 1364 ur-

148 1409 262 1454 gere,
289 1409 509 1454 omnesque
532 1398 572 1440 in
597 1400 748 1440 sortem
771 1395 934 1439 Domini
958 1401 1123 1440 rocatos
1147 1409 1330 1448 monere,
1354 1396 1508 1441 hortari
1532 1410 1583 1441 ne
1606 1399 1668 1441 in-

148 1475 395 1525 termittatis,
423 1478 466 1517 ut
495 1486 616 1530 saepe
651 1475 691 1516 in
724 1478 996 1530 opportunum
1020 1473 1197 1529 alisluem
1221 1472 1354 1517 locum
1378 1474 1524 1518 iisdem
1548 1487 1667 1530 pera-

147 1549 295 1606 gendis
331 1550 519 1593 exercitis
552 1548 767 1600 secedant,
807 1562 902 1607 quo,
943 1549 1217 1593 exterteribus
1249 1551 1357 1593 curis
1386 1550 1592 1606 sepositIS,
1620 1563 1667 1594 ac

146 1625 440 1670 vehementiori
464 1625 597 1670 studio
620 1631 880 1670 aeternarum
916 1625 1230 1683 divinarumque
1263 1639 1402 1670 rerum
1431 1625 1668 1671 mediationi

145 1707 356 1753 vacantes,
386 1707 423 1745 et
447 1705 674 1746 contractas
699 1701 749 1745 de
772 1701 978 1745 mundano
1002 1703 1169 1759 pulvere
1192 1701 1335 1746 sordes
1365 1702 1600 1758 detergere,
1629 1706 1665 1747 et

148 1778 479 1824 ecclesiasticum
503 1780 691 1835 spiritum
714 1791 912 1822 renovare
935 1780 1107 1836 possint,
1135 1783 1255 1836 atque
1278 1778 1527 1836 expoliantes
1559 1784 1669 1823 rete-

148 1868 237 1899 ren]
259 1855 464 1899 hominem
487 1868 579 1898 cum
602 1854 760 1898 actibus
787 1857 888 1907 suls,
917 1869 1070 1899 novum
1095 1856 1281 1907 induant,
1321 1857 1390 1913 qui
1423 1860 1582 1900 creatus
1606 1862 1667 1900 est

150 1932 194 1977 in
217 1932 390 1984 iustitia,
420 1936 457 1975 et
481 1933 707 1975 sanctu-ate.
734 1931 874 1989 Neque
898 1931 979 1975 Vos
1004 1933 1140 1989 pigeat
1162 1934 1196 1975 si
1220 1933 1261 1975 in
1284 1931 1393 1976 Cleri
1415 1933 1667 1976 institutione

150 2012 191 2053 et
214 2007 429 2066 disciplina
451 2008 570 2066 paulo
594 2007 746 2052 dlutius
769 2009 972 2052 immorati
997 2022 1155 2053 sumus.
1178 2007 1341 2052 Etenim
1360 2010 1527 2052 minime
1549 2011 1667 2065 igne-

149 2086 253 2129 ratis
287 2085 435 2129 multos
474 2086 663 2136 existere,
701 2086 770 2142 qui
807 2097 991 2129 errorum
1025 2087 1265 2129 varietatem
1286 2121 1295 2137 ,
1335 2085 1663 2138 inconstantiam,

149 2160 543 2220 mutabilitatemque
565 2163 759 2219 pertaesi„
793 2174 841 2206 ac
875 2163 1179 2206 sanctissimam
1212 2165 1396 2206 nostram
1429 2161 1667 2219 religionem

150 2237 367 2294 profitendi
388 2239 673 2282 necessitatem
696 2239 936 2291 sentientes,
963 2237 1014 2282 ad
1038 2239 1168 2296 ipsius
1191 2237 1401 2295 religionis
1420 2237 1663 2291 doctrinam,

150 2319 386 2370 praecepta,
411 2315 592 2358 instituta
615 2327 661 2358 eo
685 2314 872 2367 facilius,
909 2314 997 2359 Deo
1031 2314 1135 2359 bene
1158 2317 1336 2368 iuvante,
1364 2315 1662 2372 amplectenda,

153 2387 323 2432 colenda
343 2389 608 2443 adducentur,
635 2403 713 2449 quo
737 2392 883 2435 mamri
909 2390 1074 2436 Clerum
1097 2393 1279 2449 pietatis,
1305 2393 1577 2448 IntegritatiS,
1604 2405 1669 2436 sa-

153 2466 332 2523 pientiae
354 2464 488 2518 laude,
516 2479 562 2510 ae
585 2469 781 2512 virtutum
799 2469 980 2513 omnium
999 2468 1200 2527 exemplo,
1227 2474 1267 2514 et
1289 2468 1505 2527 splendore
1523 2469 1668 2513 ceteris

155 2541 399 2588 antecellere
422 2545 723 2600 conspexerint.

219 2707 239 2745 1
261 2706 404 2746 Concil.
424 2707 526 2746 Trid.
555 2707 655 2747 Sess.
682 2708 811 2746 xxm.
840 2709 926 2757 Cap.
956 2710 1073 2748 18.de
1092 2710 1254 2748 Reform.
