1987 3132
284 114 339 159 30
689 121 908 154 ALLochlo
934 121 1092 158 Qt'lfflxs
1116 121 1395 158 szmTlth‘n

283 221 328 251 eo
346 208 465 251 unis-e
484 204 739 262 spectabant,
760 208 799 247 ut
819 205 1101 260 imperitorum
1122 204 1364 259 praesertim
1383 203 1541 245 animos
1564 205 1803 260 mentesque

282 284 513 339 magnificis
538 281 730 338 falsisque
754 280 967 337 promissis
1003 281 1043 323 in
1067 278 1251 322 fraudem
1285 283 1323 322 et
1346 280 1387 322 in
1413 291 1594 322 errorem
1632 277 1803 322 induce-

282 365 386 410 rent,
415 373 460 402 ae
486 358 603 416 plane
625 356 928 413 compellerent.
957 354 1111 402 Omnes
1137 356 1314 413 profecto
1338 359 1501 408 norunt,
1542 354 1691 413 quibus
1712 355 1802 400 lau-

283 437 381 480 dum
406 437 631 493 praeconiis
653 436 768 478 t'uerit
790 432 942 491 ubique
965 431 1247 477 concelebrata
1269 431 1532 476 memoranda
1556 431 1623 475 illa
1646 436 1684 476 et
1715 445 1804 476 am-

282 514 468 571 plissima
492 513 609 556 venia
633 526 656 555 a
678 510 804 554 Nobis
823 510 874 554 ad
892 509 1135 554 familiarum
1159 522 1316 567 pacem,
1342 508 1688 567 tranquIllitatem,
1715 507 1803 552 seli-

283 592 524 646 citatemqne
547 587 844 646 procurandam
867 600 1074 631 concessa.
1112 586 1171 629 „lic
1205 588 1408 630 neminem
1439 585 1548 637 latet,
1581 584 1718 642 plures
1754 597 1803 629 ea

282 668 401 710 venia
424 666 591 709 donatos
615 678 693 708 non
716 663 846 708 solum
865 678 983 708 suam
1006 667 1183 707 mentem
1204 662 1267 706 vel
1286 664 1501 706 minimum
1520 661 1628 705 haud
1652 663 1801 706 immu-

283 748 406 795 tasse,
433 741 777 800 quemadmodum
801 740 1087 798 sperabanms,
1123 753 1264 783 rerum
1291 741 1412 782 etiam
1444 752 1584 782 eornm
1618 737 1800 782 eonsili1s

283 824 320 864 et
344 818 619 863 molitionibus
642 820 777 862 acrius
815 820 854 860 in
889 817 976 860 dies
1000 818 1234 860 insistentes
1269 814 1369 859 nihil
1406 828 1587 873 unquam
1610 817 1799 859 inausum

282 895 464 952 nihilque
488 897 727 938 intentatum
752 893 981 951 requuisse,
1010 897 1053 936 ut
1075 892 1237 936 civilem
1261 891 1432 936 Romani
1451 891 1660 935 pontificis
1684 891 1801 936 Prin-

283 973 478 1029 cipatum,
506 972 673 1028 eiusque
697 971 896 1026 regimen,
924 970 981 1013 uti
1005 968 1157 1013 iamdiu
1182 967 1544 1019 machinalmntur,
1582 966 1802 1011 labefacta-

281 1053 371 1092 rent
394 1053 430 1092 et
455 1047 635 1091 funditus
659 1050 903 1098 everterent,
930 1059 977 1089 ae
1000 1045 1119 1089 simul
1143 1046 1387 1089 acerrimum
1423 1045 1707 1088 sanctissimae
1730 1057 1802 1088 no-

281 1130 391 1170 strae
414 1124 601 1181 religioni
624 1123 775 1167 bellum
798 1125 1006 1166 inferrent.
1025 1122 1075 1166 {Ji
1098 1126 1232 1166 autem
1251 1121 1292 1165 id
1312 1121 1469 1165 facilius
1488 1123 1683 1179 consequi
1706 1134 1803 1178 pos-

281 1205 385 1253 sent,
413 1200 510 1244 nibil
535 1201 739 1256 antiquins
763 1198 956 1249 habuere,
985 1211 1105 1256 quam
1125 1197 1402 1241 multitudines
1426 1199 1627 1254 inprimis
1652 1209 1747 1241 cont
1758 1211 1802 1242 o-

283 1291 392 1329 care,
421 1278 690 1327 inflammare,
733 1288 883 1333 easque
920 1275 1097 1319 assiduis
1134 1276 1374 1332 magnisque
1413 1273 1590 1318 mothus
1624 1275 1798 1330 agitare,

281 1367 382 1412 quos
411 1352 469 1396 tel
493 1353 733 1396 Nostrarum
755 1353 1064 1395 concessionum
1089 1355 1300 1408 praetextu
1323 1351 1574 1394 contiiienter
1606 1351 1741 1395 fovere
1763 1354 1802 1395 et

281 1433 322 1476 in
347 1430 434 1474 dies
458 1442 610 1486 augere
633 1441 893 1486 summopere
916 1427 1150 1472 studebant.
1190 1426 1298 1471 Hine
1327 1428 1612 1471 concessiones
1648 1429 1689 1471 in
1712 1428 1801 1485 ipso

281 1508 419 1552 Nostri
442 1507 702 1550 Pontificatus
727 1507 840 1549 initio
863 1519 887 1549 a
905 1504 1031 1549 Nobis
1052 1504 1154 1548 ultro
1173 1518 1221 1548 ac
1244 1504 1420 1549 libenter
1438 1504 1557 1548 datae
1576 1518 1654 1548 non
1668 1504 1801 1548 solum

283 1588 440 1642 optatos
464 1584 616 1626 fructus
640 1582 748 1625 haud
772 1583 972 1634 emittere,
1000 1581 1073 1625 sed
1096 1595 1146 1625 ne
1169 1581 1328 1625 radices
1361 1581 1527 1638 quidem
1561 1594 1684 1638 agere
1706 1595 1796 1625 um-

280 1672 403 1717 quam
428 1663 608 1716 potuere‚
637 1672 729 1702 cum
753 1659 991 1715 peritissimi
1016 1658 1205 1702 fraudum
1228 1658 1438 1702 architecti
1461 1657 1607 1701 iisdem
1632 1671 1800 1702 conces-

282 1736 466 1781 sionibus
490 1736 542 1779 ad
565 1749 692 1780 novas
716 1734 975 1779 concitandas
1000 1736 1241 1791 agitationes
1282 1734 1563 1779 abuterentur.
1604 1735 1735 1794 Atque
1757 1737 1800 1781 in

279 1812 357 1856 hoc
379 1816 514 1856 vestro
538 1825 750 1864 consessu,
788 1810 1051 1855 Venerabiles
1090 1811 1271 1864 Fratres,
1298 1811 1402 1854 facta
1440 1813 1528 1868 Ipsa
1561 1810 1625 1854 vel
1657 1810 1801 1856 lerIter

282 1891 498 1945 attingere,
526 1901 573 1932 ac
596 1890 743 1946 raptim
767 1901 1086 1933 commemorare
1110 1901 1158 1932 ea
1194 1901 1293 1932 sane
1324 1892 1458 1932 mente
1481 1889 1731 1941 censuimus,
1758 1891 1802 1933 ut

281 1979 421 2010 omnes
446 1965 575 2009 bonae
599 1964 816 2009 voluntatis
840 1963 1022 2009 homines
1046 1964 1155 2009 clare
1178 1970 1398 2023 aperteque
1421 1969 1682 2022 cognoscant,
1701 1963 1802 2023 quid

280 2042 356 2086 Dei
379 2047 415 2086 et
440 2042 605 2087 humani
630 2043 792 2098 generis
816 2041 954 2086 hostes
978 2041 1119 2094 velim,
1141 2041 1241 2100 quid
1264 2046 1417 2099 optent,
1438 2041 1617 2101 quidque
1634 2043 1736 2100 ipsis
1758 2043 1801 2088 in

280 2121 416 2163 animo
440 2132 602 2176 semper
629 2119 756 2161 lixum
779 2117 1109 2175 destinatumque
1133 2119 1199 2162 sit.

340 2195 418 2238 Pro
444 2194 639 2250 singulari
666 2194 812 2238 Nostro
850 2195 890 2237 in
927 2193 1114 2238 subditos
1141 2195 1285 2238 affectu
1322 2194 1577 2247 dolebamus,
1605 2207 1653 2239 ac
1674 2195 1799 2241 vehe-

280 2276 439 2315 menter
462 2270 732 2326 angebamur,
760 2269 1025 2314 Venerabiles
1048 2270 1227 2324 Fratres,
1262 2283 1355 2315 eum
1388 2271 1576 2316 assiduos
1611 2271 1700 2316 illos
1724 2286 1797 2330 po-

278 2348 443 2406 pulares
467 2352 599 2391 motus
624 2351 707 2390 tum
731 2346 919 2405 publicae
943 2347 1221 2405 tranquillitati
1245 2352 1284 2391 et
1306 2347 1453 2402 ordini,
1493 2353 1577 2393 tum
1614 2351 1798 2408 privatae

281 2424 525 2468 tantillarum
547 2425 672 2481 quieti
697 2436 744 2468 ac
767 2425 859 2482 paci
883 2427 1089 2481 tantopere
1111 2424 1307 2469 adversos
1330 2424 1580 2479 videremus,
1607 2440 1683 2471 nee
1706 2440 1799 2485 per-

281 2502 386 2545 ferre
410 2505 640 2558 poteramus
665 2500 831 2544 crebras
855 2500 945 2544 illas
962 2502 1217 2559 pecuniarias
1232 2501 1436 2557 collectas,
1458 2516 1561 2562 quae
1580 2505 1702 2548 variiS
1725 2516 1798 2548 no-

278 2576 460 2621 miiiibus
483 2590 561 2620 non
579 2578 668 2621 sine
691 2577 771 2620 levi
794 2578 944 2621 civium
967 2577 1224 2622 Incommode
1242 2582 1281 2622 et
1304 2578 1518 2637 dispendio
1537 2579 1798 2639 postulaban-

281 2658 361 2697 tur.
392 2654 528 2711 ltaque
552 2667 691 2697 mense
714 2653 842 2712 Aprili
865 2667 970 2698 anno
994 2654 1105 2697 1847
1127 2668 1197 2712 per
1214 2654 1423 2713 publicum
1447 2655 1635 2700 Edictum
1658 2655 1796 2700 Nostri

281 2728 506 2773 Cardinalis
530 2744 553 2773 a
577 2730 751 2787 publiciS
775 2732 948 2786 negotiis
977 2744 1117 2775 onmes
1149 2745 1313 2776 monere
1348 2731 1459 2776 haud
1487 2733 1715 2784 omisimus,
1751 2735 1797 2776 ut

281 2803 334 2848 ab
358 2805 555 2850 eiusmodi
580 2805 841 2864 popularibus
865 2808 1130 2854 conventibus
1154 2812 1193 2854 ot
1214 2807 1501 2866 largitionibus
1540 2821 1633 2853 sese
1666 2807 1796 2855 absti-
