1987 3132
710 79 736 122 4
758 92 945 125 oc'rossms
972 80 1100 124 1847.
1607 82 1660 127 21

147 188 341 236 praesens
365 187 488 231 agere
506 173 652 226 valeat,
674 173 826 217 nullam
849 187 1005 218 meram
1029 175 1364 233 interponendam
1382 175 1588 229 (luximus,
1615 182 1661 223 ut

144 251 379 297 huiusmodi
403 264 466 294 res
490 264 562 308 pro
586 251 737 293 maiore
760 249 832 293 Dei
857 249 987 307 gloria
1011 256 1131 309 atque
1155 251 1316 295 illorum
1341 252 1522 296 fidelium
1552 252 1662 298 utili-

144 332 227 374 ‘tate
250 328 300 372 ad
323 332 503 386 optatum
525 328 675 370 exitum
699 325 984 371 adduceretur.
1013 328 1289 381 Quamobrem
1326 331 1421 373 tanti
1464 329 1660 375 momenti

143 406 354 462 negotitun
377 405 485 448 iuxta
508 403 748 461 prudentem
776 402 946 447 Nostrae
971 403 1308 461 CongregationiS
1341 404 1391 448 de
1426 405 1661 462 Propagan-

146 481 199 526 da
221 481 318 525 Fide
352 481 593 525 sententIam
623 479 919 524 absolvendum
954 482 1204 534 curavimus,
1247 486 1368 539 atque
1400 481 1658 539 Apostolieas

145 558 317 604 Litteras
341 557 406 601 die
428 557 585 601 decimo
612 556 808 601 kalendas
832 558 1006 615 proximi
1029 560 1182 601 mensis
1206 558 1380 615 Augusti
1418 557 1537 602 huius
1563 559 1660 604 anni

145 634 292 679 annulo
316 634 531 677 FlseatoriS
556 632 793 690 obsignatas
817 632 1022 685 dedimus,
1050 633 1198 692 quibus
1237 635 1355 678 totIus
1380 635 1438 678 rei
1462 636 1661 679 radonem

144 710 453 768 explicavimus.
496 709 550 753 Et
580 710 773 767 quonlam
811 709 1068 753 Venerabilis
1106 710 1247 753 Frater
1269 709 1423 754 Daulus
1447 711 1658 767 Augustus

142 786 326 839 Foscole,
353 787 423 844 qui
446 785 585 829 Latino
621 784 991 842 Ilierosolymitano
1028 785 1309 830 PatrIarchatu
1344 785 1586 844 potiebatur,
1613 799 1659 832 se

142 862 211 909 illo
229 862 449 913 abdicarit⁷
471 866 510 906 et
528 861 608 905 Nos
628 860 829 905 eiusmodi
853 860 1110 905 abdicatione
1132 866 1298 919 accepta
1317 866 1437 920 atque
1454 861 1659 920 approba-

147 944 199 991 ta,
227 941 362 997 ipsum
385 937 670 982 Venerabilem
693 937 875 981 Fratrem
896 950 920 981 a
942 937 1119 991 rumulo,
1147 951 1225 996 que
1260 937 1660 995 Hierosolymitanae

141 1014 356 1060 Ecclesiae
379 1013 726 1070 obstringebatur,
754 1013 967 1066 solvimus,
1006 1013 1159 1058 ideireo
1182 1013 1233 1057 ad
1265 1015 1360 1058 noxi
1395 1014 1659 1060 Patriarchae

143 1091 380 1138 electionem
404 1089 626 1148 procedere
649 1091 988 1134 existimavimus.
1016 1089 1156 1148 Itaque
1191 1094 1530 1135 commemoratae
1553 1090 1659 1135 Con·

141 1169 396 1226 gregationis
420 1167 612 1223 suffragio
636 1168 677 1210 in
702 1166 887 1210 Latinum
926 1165 1205 1210 Patriarcham
1239 1165 1659 1223 Hierosolymitanum

141 1244 295 1302 elIgere
318 1245 600 1288 constituimus
625 1243 815 1287 dilectum
838 1243 987 1287 Filium
1011 1242 1304 1301 Presbyterum
1338 1242 1556 1301 Iosephum
1578 1242 1660 1288 Va-

142 1320 274 1379 lerga,
301 1322 369 1379 qui
393 1319 592 1378 singulari
615 1321 871 1377 Lintegritate⁷
899 1322 1063 1377 pietate,
1105 1319 1304 1372 doctrinm,
1343 1319 1572 1376 prudentia,
1610 1332 1660 1365 ae

141 1410 280 1442 rerum
305 1396 580 1454 gerendarum
604 1397 843 1440 dexteritate
865 1401 1088 1454 spectatus,
1116 1401 1155 1440 et
1186 1396 1281 1440 huic
1298 1395 1407 1440 Petri
1432 1395 1660 1441 Cathedrae

142 1486 192 1517 ex
215 1475 349 1517 animo
371 1473 573 1525 addictus,
601 1486 647 1517 ae
671 1472 915 1516 Missionarii
941 1485 1107 1516 munere
1132 1474 1172 1516 ist
1196 1471 1329 1530 Syria,
1362 1472 1658 1529 Mesopotamia

143 1553 182 1593 et
204 1549 373 1593 Perside
398 1551 565 1607 egregie
589 1549 839 1606 perfunctus,
867 1550 1011 1605 gravIa
1049 1550 1108 1592 rei
1146 1547 1368 1592 catholicae
1391 1549 1551 1604 negotia
1575 1545 1657 1592 sibi

142 1627 361 1670 commissa
384 1624 525 1669 sedulo
558 1626 814 1682 scienterque
853 1623 1103 1668 conficienda
1133 1625 1306 1668 curavit.
1334 1622 1592 1681 Quapropter
1615 1624 1659 1667 in

141 1714 234 1747 eam
256 1715 372 1760 spem
395 1703 595 1759 erigimur
618 1701 717 1754 fore,
744 1706 787 1745 ut
810 1702 897 1758 ipse
921 1700 1142 1758 praeclariS
1165 1699 1278 1745 hisce
1311 1699 1472 1744 dotibus
1496 1699 1661 1758 praedi-

141 1783 221 1832 tus,
251 1778 417 1823 easdem
440 1777 604 1823 caelesti
628 1791 703 1835 ope
743 1778 868 1821 fretus
891 1778 943 1821 ad
982 1777 1286 1822 patriarchatus
1324 1776 1457 1821 locum
1481 1776 1653 1829 deferat,

142 1861 263 1915 atque
285 1857 336 1901 ad
360 1856 581 1901 catholicae
605 1856 847 1913 praesertim
872 1855 1083 1913 religionis
1110 1856 1405 1899 incrementum
1429 1859 1467 1898 et
1490 1866 1658 1898 conere—

142 1932 217 1977 diti
240 1932 319 1977 sibi
343 1932 479 1991 populi
501 1932 717 1976 utilitatem
741 1933 885 1975 malori
909 1931 1117 1975 alacritate
1141 1936 1179 1975 et
1202 1931 1336 1976 studio
1359 1930 1569 1983 exhibere,
1596 1935 1658 1975 at·

141 2022 222 2068 que
259 2022 448 2054 exercere
480 2008 708 2054 contendat.
753 2008 865 2053 Haecv
902 2013 1009 2061 sunt,
1046 2007 1309 2053 Yenel‘abiles
1341 2007 1519 2059 Fran-es,
1552 2019 1658 2065 quae

139 2084 266 2130 Vobis
291 2085 628 2130 communicanda
656 2086 914 2138 censuimus,
956 2085 1052 2129 dum
1076 2099 1149 2143 pro
1179 2089 1289 2129 certo
1320 2083 1545 2137 habemus,
1572 2083 1655 2129 Vos

139 2175 221 2207 una
242 2161 457 2207 nobiscum
480 2162 669 2207 assiduas
706 2161 964 2220 servidasque
999 2161 1084 2206 Deo
1109 2160 1276 2219 Optimo
1311 2159 1487 2204 Maximo
1511 2171 1654 2216 preces

140 2251 235 2282 eum
258 2240 479 2295 gratiarum
515 2240 672 2283 aetIone
693 2251 784 2283 esse
819 2237 1040 2292 oblaturos,
1067 2251 1148 2296 quo
1183 2236 1467 2282 communibus
1504 2236 1656 2280 nostris

139 2315 246 2358 votis
270 2314 582 2360 clementissime
606 2328 804 2368 annuens,
827 2315 965 2360 divina
987 2329 1062 2359 sua
1084 2316 1217 2372 gratIa
1235 2314 1395 2358 efficere
1412 2313 1524 2368 velit⁷
1545 2317 1589 2356 ut
1611 2313 1655 2357 in

140 2389 220 2434 illis
254 2389 516 2447 regionibus,
556 2390 627 2435 ubi
651 2391 819 2450 quilibet
851 2390 1096 2435 christianus
1132 2390 1319 2434 habitans
1350 2389 1406 2433 ad
1427 2386 1657 2446 Evmzqui

141 2464 464 2524 cognoscendam
490 2469 674 2510 virtutem
695 2481 776 2511 non
798 2466 927 2511 solum
952 2467 1204 2526 pessimarum
1230 2464 1417 2524 eloquiis,
1441 2464 1514 2509 secl
1543 2464 1654 2522 ipso-

139 2555 233 2586 rum
260 2541 439 2586 locorum
460 2541 694 2585 testimoniis
713 2542 900 2587 eruditur
925 2543 962 2596 1,
985 2543 1184 2588 catholica
1206 2542 1308 2586 fides
1328 2543 1481 2586 malora
1504 2542 1544 2584 in
1562 2539 1652 2585 dies

137 2618 389 2664 incrementa
409 2619 622 2676 sustIpiah
647 2631 695 2663 ac
717 2632 911 2678 prospere
934 2618 1185 2678 feliciterque
1208 2620 1345 2676 vigeat
1367 2622 1405 2662 et
1430 2617 1587 2661 floreat.

202 2782 220 2817 1
249 2781 285 2819 S.
304 2781 389 2828 Leo,
410 2781 561 2819 ibidem.
