1987 3132
720 76 773 119 20
798 90 953 122 arruns
979 77 1108 120 1849.
1617 79 1670 123 45

151 172 362 228 religionis
389 175 427 215 ct
451 170 582 215 civilis
607 172 813 214 societatis
838 170 976 216 hostes
1002 174 1281 229 imperitorum
1316 175 1558 231 praeserliin
1582 175 1671 218 ani-

153 262 241 293 mos
266 262 290 292 a
313 247 407 292 fidei
431 249 663 298 sanctitate,
687 260 867 305 sanaque
890 248 1073 292 doctriiia
1090 254 1289 303 avertere,
1311 263 1461 308 eosque
1485 255 1672 295 aestuan-

156 325 264 370 tibus
283 324 576 368 incredulitatis
596 323 787 367 fluctibus
808 323 1048 382 demergere
1071 330 1189 384 atque
1208 326 1258 370 ad
1278 329 1526 383 graxdssima
1547 341 1672 386 quac-

155 415 236 460 que
268 400 504 459 peragenda
544 400 722 444 faciliora
757 401 1003 458 compellere
1041 406 1252 446 conentur.
1294 404 1425 461 Atque
1448 408 1490 447 ut
1514 404 1670 448 facilius

154 491 295 524 eorum
320 477 488 522 consilia
511 476 561 520 ad
586 477 738 521 exitum
763 477 1003 535 perducere,
1030 482 1069 523 et
1091 479 1308 524 horribiles
1339 481 1538 538 cuiusque
1562 480 1672 525 sedi-

157 557 274 600 tionis
299 559 337 599 et
360 552 676 612 perturbationis
701 558 834 598 motus
859 557 1038 600 excitare
1073 569 1120 600 ac
1158 557 1293 601 fovere
1318 559 1474 615 possint
1496 557 1673 602 baereti-

155 646 296 677 corum
319 631 530 675 hominum
555 632 742 687 uestigiis
767 631 1041 685 inhaerentes,
1068 646 1261 691 suprema
1294 633 1506 678 Ecclesiae
1534 640 1672 679 aucto-

154 710 273 754 ritate
297 710 462 753 omnino
485 707 694 765 despecta,
721 708 839 766 plane
863 723 941 753 non
972 709 1158 754 dubitant
1192 711 1409 755 Sacrarum
1441 711 1672 769 Scriptura·

155 799 245 830 rum
270 784 415 837 verba,
444 785 693 837 testimonla,
722 786 942 829 sententias
967 788 1125 844 privato
1149 788 1326 844 proprIo,
1348 801 1554 846 pravoque
1577 800 1672 832 sen-

155 876 203 907 su
227 864 433 913 invocare,
461 862 737 918 interpretari,
766 862 985 914 invertere,
1012 863 1270 921 detorquere,
1296 877 1343 907 ac
1374 877 1446 921 per
1468 876 1673 908 summam

153 939 407 996 impietatem
431 939 691 981 sanctissimo
715 936 865 982 Christi
889 941 1051 983 nomiiie
1073 940 1227 983 nefarie
1250 939 1362 984 abuti
1386 953 1464 985 non
1488 940 1673 984 reformi-

156 1015 267 1059 dant.
295 1013 435 1072 Neque
459 1027 527 1058 eos
551 1013 674 1071 pudet
698 1013 831 1072 palam
857 1015 1098 1073 publiceque
1121 1029 1319 1067 asserere,
1356 1020 1440 1060 tum
1475 1019 1672 1075 cuiusque

153 1092 402 1136 sanctissimi
426 1092 642 1134 iuramenti
668 1090 944 1141 violationem,
974 1096 1057 1136 tuin
1081 1092 1304 1150 quamlibet
1339 1092 1570 1145 scelestam,
1599 1093 1674 1138 ssa-

155 1169 428 1226 gitiosamque
452 1168 651 1211 actionem
676 1170 952 1226 sempiternae
975 1170 1054 1227 ipsi
1078 1174 1246 1213 naturae
1268 1169 1350 1226 legi
1374 1174 1673 1228 repugnantem

153 1259 234 1290 non
252 1244 385 1289 solum
407 1243 517 1288 haud
542 1257 632 1288 esse
657 1244 982 1302 improbandam,
1005 1259 1148 1289 verum
1172 1247 1295 1289 etlam
1318 1247 1480 1290 omniiio
1497 1245 1668 1302 Hcitam,

158 1322 413 1378 summisque
434 1319 626 1364 laudibus
650 1320 897 1364 efferendam
921 1321 1082 1379 quando
1107 1321 1148 1364 id
1172 1335 1244 1378 pro
1269 1324 1422 1379 patriae
1445 1336 1598 1375 amore,
1630 1327 1673 1367 ut

161 1400 242 1456 Ipsi
266 1398 421 1449 dicunt,
447 1402 606 1453 agatur.
635 1395 724 1449 Quo
747 1399 871 1454 impio
894 1411 940 1441 ac
965 1402 1228 1455 praepostero
1264 1399 1577 1456 argumentandi
1601 1412 1674 1457 ge-

155 1487 254 1520 nere
278 1474 329 1518 ab
354 1474 556 1518 elusmodi
580 1473 816 1517 hominibus
841 1476 973 1518 onmis
998 1488 1164 1532 prorsus
1197 1474 1405 1528 honestas,
1438 1477 1584 1528 villus,
1612 1477 1672 1520 iu-

154 1552 265 1595 stitia
290 1552 450 1607 penitus
470 1549 636 1601 tollitur,
656 1554 776 1607 atque
794 1548 970 1592 nefanda
988 1551 1119 1607 ipsius
1142 1550 1311 1595 latronis
1329 1555 1368 1595 et
1389 1553 1523 1595 sicarii
1547 1565 1674 1609 agen-

155 1626 197 1670 di
222 1628 324 1671 ratIO
349 1639 420 1684 per
453 1624 678 1669 inauditam
703 1625 998 1683 impudentiam
1022 1625 1250 1670 defenditur
1285 1632 1323 1671 et
1346 1627 1668 1673 commendatur.

214 1702 278 1746 Ad
303 1707 461 1746 ceteras
485 1703 719 1745 innumeras
744 1701 924 1753 fraudes,
946 1701 1095 1759 quibus
1120 1702 1341 1748 catholicae
1363 1703 1573 1748 Ecclesiae
1596 1706 1674 1748 lni-

157 1781 255 1824 mici
279 1780 532 1823 continenter
554 1782 736 1829 utuntur,
764 1782 806 1821 ut
830 1779 1013 1822 Incautos
1037 1781 1279 1836 praesertim
1313 1784 1353 1823 et
1387 1781 1595 1836 imperitos
1619 1779 1670 1824 ab

154 1857 284 1913 ipsius
308 1854 522 1898 EcclesIae
562 1855 653 1897 sinu
687 1853 862 1897 avellant
885 1858 923 1897 et
959 1854 1162 1912 abripiant
1198 1856 1424 1899 acerrimae
1459 1857 1596 1909 etlam,
1625 1869 1672 1901 ac

159 1932 424 1988 turpissimae
449 1929 645 1974 accedunt
668 1929 912 1982 calumniae,
938 1943 1039 1987 quas
1075 1932 1115 1974 in
1148 1930 1369 1974 Personam
1391 1930 1581 1976 Nostram
1610 1933 1673 1976 in-

160 2007 331 2052 tendere
369 2012 408 2050 et
430 2007 685 2050 commimsci
720 2019 798 2050 nen
823 2004 1083 2050 erubescunt.
1120 2006 1201 2050 Nos
1236 2006 1401 2064 quidem
1435 2007 1555 2052 nullis
1578 2007 1672 2054 licet

154 2084 314 2129 Nostris
338 2084 495 2128 meritis
519 2082 630 2127 Illius
654 2081 717 2126 hic
742 2084 782 2125 In
808 2084 925 2126 terris
951 2084 1146 2127 vicar-lam
1170 2089 1358 2140 gerentes
1381 2097 1561 2142 operam,
1601 2085 1675 2144 qui

154 2174 244 2204 cum
266 2158 586 2203 malediceretur
609 2172 689 2202 non
713 2157 996 2211 maledicebat,
1027 2172 1116 2202 cum
1144 2164 1359 2217 pateretur
1394 2174 1475 2204 11011
1504 2161 1670 2204 0011111ιὶ-

155 2235 349 2288 nabatur,
376 2234 645 2280 acerbissima
667 2247 852 2293 quaeque
876 2235 1061 2280 conxdcia
1083 2237 1122 2279 in
1155 2237 1264 2280 ennii
1290 2238 1499 2294 patientia,
1538 2250 1586 2282 ac
1616 2237 1672 2282 si—

154 2310 279 2355 lentio
297 2311 493 2368 perferre,
509 2315 547 2355 et
569 2324 638 2368 pro
661 2310 1016 2369 persequenthus,
1035 2316 1074 2356 et
1097 2311 1438 2357 calumniantibus
1456 2312 1537 2357 Nos
1554 2326 1673 2358 orare

154 2402 379 2447 numquam
401 2390 630 2433 omisimus.
656 2388 808 2433 Verum
831 2402 924 2433 cum
948 2389 1154 2434 debitores
1178 2392 1308 2434 siinus
1333 2390 1604 2450 sapientibus,
1634 2396 1673 2437 et

159 2464 463 2523 insipientibus,
494 2467 754 2522 omniumque
777 2465 896 2510 saluti
921 2466 1134 2511 consulere
1157 2466 1404 2521 debeamus,
1447 2468 1553 2512 baud
1578 2482 1674 2526 pes-

159 2556 316 2595 sumus,
344 2542 441 2599 quin
465 2539 517 2584 ad
551 2541 873 2598 praecavendam
906 2545 1151 2600 praesertim
1191 2544 1448 2588 intirmorum
1484 2546 1675 2590 offensio-

157 2633 269 2672 nem,
297 2620 338 2662 in
362 2616 439 2662 hoc
457 2620 591 2663 vestre
614 2616 815 2662 Consessu
833 2632 857 2662 a
874 2618 1000 2663 Nobis
1019 2621 1252 2664 reiiciamus
1275 2620 1537 2664 falsissimam
1560 2619 1673 2664 illam

160 2700 200 2740 et
221 2696 403 2740 omnium
424 2695 676 2739 ‘teterrimam
699 2694 957 2747 calumniam,
977 2709 1082 2754 quae
1105 2700 1246 2740 contra
1268 2696 1490 2740 Personam
1507 2695 1672 2741 humili-

162 2773 255 2818 tatis
277 2772 447 2817 Nostrae
469 2783 541 2830 per
565 2770 869 2816 recentissimas
893 2771 1094 2830 quasdam
1116 2771 1401 2831 ephemeridas
1419 2776 1481 2817 est
1503 2771 1673 2831 evulga—
