1987 3132
669 79 692 123 1
719 93 945 124 moverimus
970 79 1101 123 1850.
1593 78 1643 123 81

131 178 253 235 gotiis
286 177 456 233 egisset,
483 178 718 219 revocatum
757 187 802 218 se
825 173 1048 218 declaravit
1071 186 1094 217 a
1116 172 1244 230 Regto
1267 172 1489 227 GubernIO,
1515 185 1562 217 ac
1602 186 1645 217 re

128 253 303 298 necdum
337 252 524 297 inchoata
547 251 754 296 discessit.
782 251 922 309 ltaque
944 264 1109 309 sperare
1130 249 1259 303 licuit,
1286 249 1426 307 Regiis
1450 249 1660 294 Ministris

127 331 391 388 opportunius
415 330 550 373 vIsum
573 329 715 381 fuisse,
745 331 788 371 ut
811 328 995 371 tractatio
1034 326 1102 370 illa
1124 328 1166 370 in
1191 330 1348 384 tempus
1389 327 1524 382 magis
1562 325 1650 370 ido-

128 420 266 459 neum,
296 411 383 464 post
407 406 598 450 Nostrum
623 404 781 448 scillcet
804 405 844 447 in
868 403 1021 448 Urbem
1045 402 1237 454 reditum,
1266 404 1556 446 remitteretur.

189 483 377 527 Attamen
402 494 551 540 paucos
574 485 666 539 post
697 493 859 524 menses
883 481 1133 537 accepimus,
1174 478 1349 536 Regium
1373 480 1509 536 ipsum
1534 478 1653 522 Mini—

132 561 302 604 sterium
325 558 520 603 detulisse
553 557 605 602 ad
627 557 759 614 Regni
781 556 955 602 Comitia
984 569 1131 599 novam
1154 555 1305 612 Legem
1330 555 1381 599 de
1405 554 1656 600 Clericorum

132 640 171 680 et
194 635 473 679 Ecclesiarum
496 636 749 678 immunitate
772 635 932 691 penitus
957 631 1172 684 abolenda,
1191 631 1242 675 de
1265 631 1417 675 iudiCio
1441 633 1563 675 ctiam
1588 644 1656 674 su—

132 725 205 770 per
227 712 492 756 Patronorum
516 709 861 755 nominatIonibus
885 709 937 754 ad
959 709 1165 753 Beneficia
1188 708 1482 753 Ecclesiastica
1512 707 1659 752 Tribu—

132 788 294 833 nalibus
309 789 441 832 Laicis
465 786 738 838 attrilulend0‚
758 800 833 831 nec
855 800 934 830 non
956 786 1005 830 de
1030 785 1120 830 aliis
1144 784 1367 837 nonnullis,
1392 786 1479 828 sire
1498 784 1654 837 eodem,

135 867 221 910 sive
246 866 459 923 posteriori
485 869 679 922 tempore,
706 868 845 907 contra
868 863 1079 907 Ecclesiae
1102 864 1182 915 ius,
1223 866 1291 906 aut
1314 875 1393 906 non
1428 862 1517 905 sine
1549 859 1659 905 Reli-

138 943 269 999 gionis
294 941 470 999 perIculo
493 939 737 984 statuendis.

197 1018 249 1062 Ut
272 1020 447 1075 primum
480 1016 530 1060 de
567 1015 802 1060 huiusmodi
836 1014 957 1072 Legis
994 1013 1345 1072 propositionibus
1383 1013 1663 1069 significatum

138 1093 265 1139 Nobis
289 1098 350 1138 est
367 1129 377 1146 ,
405 1093 620 1137 reclamari
643 1097 781 1137 contra
805 1091 915 1135 illam
950 1092 1147 1135 iussimus
1186 1095 1270 1134 tum
1296 1104 1319 1133 a
1344 1088 1555 1134 Cardinali
1584 1088 1664 1132 No-

138 1176 223 1216 stro
251 1170 589 1215 Pro—SecretarIO
612 1169 762 1220 Status,
793 1175 874 1213 tum
898 1170 1020 1212 etiam
1045 1181 1067 1211 a
1083 1167 1230 1212 Nostro
1254 1165 1486 1224 Apostolico
1510 1165 1661 1209 Nuntio

139 1253 234 1292 tunc
256 1248 465 1305 Augustae
480 1247 750 1291 Tauriiiorum
769 1245 959 1302 degente.
983 1244 1064 1288 Sed
1086 1248 1260 1302 utraque
1284 1242 1579 1287 reclamatione
1599 1255 1666 1286 ca-

143 1323 262 1368 dente
284 1325 325 1366 in
349 1324 535 1375 Irritum,
571 1322 829 1380 expostulare
864 1321 985 1379 paulo
1009 1325 1100 1379 post
1131 1321 1309 1377 oportuit
1341 1323 1482 1363 contra
1523 1320 1663 1375 ipsas,

144 1414 245 1458 quas
267 1401 600 1453 memoravimus,
627 1400 826 1443 novitates
849 1397 900 1442 ab
924 1402 1096 1456 utroque
1118 1396 1283 1453 legilius
1310 1395 1491 1438 ferendis
1522 1394 1668 1438 Consi-

142 1476 198 1520 lio
221 1475 483 1534 approbatas,
503 1475 683 1533 ctRegia
705 1477 841 1519 statIm
866 1475 1106 1519 auctoritate
1129 1475 1323 1517 sancItas.
1342 1471 1388 1516 ln
1407 1485 1486 1530 quo
1504 1473 1590 1515 eius
1609 1472 1669 1515 rei

143 1565 369 1611 progressu
392 1557 513 1610 atque
536 1553 644 1596 exitu
668 1565 745 1595 nou
769 1551 869 1596 illud
894 1551 1012 1594 modo
1036 1549 1280 1602 dolendum,
1309 1549 1418 1607 quod
1445 1547 1670 1592 Sanctissi-

144 1643 213 1673 ma
235 1627 448 1673 Ecclesiae
471 1630 574 1680 iura,
603 1641 706 1686 quae
731 1641 780 1672 ex
803 1627 1014 1671 Curionum
1039 1624 1318 1670 sanctionibus
1343 1627 1383 1669 in
1407 1630 1463 1668 tot
1487 1624 1672 1668 saeculo-

144 1718 235 1749 rum
259 1704 522 1748 diuturnitate
545 1705 788 1760 viguerant,
826 1705 930 1748 facto
965 1704 1054 1760 ipso
1079 1701 1229 1746 violata
1254 1706 1292 1745 et
1316 1701 1549 1758 proculcata
1586 1701 1671 1745 sue—

147 1783 243 1833 rint,
271 1780 344 1824 sed
369 1782 489 1823 etiam
512 1779 620 1838 quod
661 1779 798 1836 plures
823 1793 872 1823 ex
892 1779 1110 1837 DeputatiS
1135 1791 1182 1822 ac
1206 1777 1475 1821 Senatoribus
1507 1775 1668 1833 Regni,

150 1859 219 1915 qui
241 1859 282 1900 in
306 1855 469 1913 publica
492 1857 706 1913 utriusque
731 1854 897 1900 Consilii
920 1854 1213 1899 deltberatIone
1238 1852 1367 1897 verba
1393 1853 1601 1905 fecerunt,
1636 1857 1674 1896 et

152 1945 323 1990 quorum
346 1933 546 1975 sententia
567 1933 678 1984 vicii,
710 1945 800 1975 eam
824 1931 1096 1988 sibimetipsis
1120 1943 1195 1974 seu
1215 1929 1362 1973 Laicae
1385 1929 1581 1973 Potestati
1604 1942 1675 1973 au-

149 2009 378 2052 ctoritatem
401 2020 586 2052 asserere
610 2020 688 2051 non
711 2006 989 2051 dubitaverint
1010 2042 1019 2059 ,
1046 2011 1090 2051 ut
1114 2006 1334 2051 sollemnes
1377 2004 1675 2050 Conventiones

152 2097 275 2142 super
296 2098 374 2128 usu
397 2083 560 2128 illorum
583 2083 820 2128 eorumdem
843 2085 995 2128 iurium
1018 2097 1111 2128 cum
1136 2083 1244 2127 Sede
1269 2081 1503 2141 Apostolica
1526 2083 1672 2136 initas,

153 2162 241 2206 sine
263 2161 383 2205 huius
407 2173 622 2214 consensu,
650 2163 775 2205 immo
799 2165 838 2205 et
861 2175 908 2206 ea
932 2161 1180 2206 reclamante
1201 2159 1452 2212 rescindere,
1480 2163 1519 2203 et
1543 2158 1677 2203 decla-

154 2251 261 2290 rare,
288 2251 335 2281 ac
358 2238 490 2282 facere
512 2240 650 2282 irritas
674 2238 850 2283 valeant.

214 2313 373 2357 Videtis
398 2314 532 2372 [pratia
555 2319 593 2359 et
618 2328 739 2374 quam
764 2316 903 2372 gravis
924 2316 1119 2359 momenti
1141 2313 1241 2358 haec
1265 2314 1347 2358 sint
1369 2349 1377 2366 ,
1405 2311 1676 2356 Venerabiles

154 2389 339 2434 Fratres:
366 2392 598 2448 perspicitis
622 2392 851 2437 cuiusmodi
874 2393 1008 2437 futura
1031 2395 1143 2436 esset
1178 2404 1392 2436 sacrarum
1415 2403 1554 2434 rerum
1579 2402 1678 2433 con—

157 2465 271 2518 ditio,
299 2467 335 2510 si
359 2480 457 2510 suus
481 2466 693 2512 Ecclesiae
716 2468 874 2514 iuribus
897 2469 1025 2514 honor
1049 2482 1128 2514 non
1152 2470 1232 2521 sit,
1262 2469 1298 2512 si
1322 2467 1601 2526 despiciantur
1633 2464 1681 2509 il-

155 2542 235 2588 lius
259 2542 443 2588 Canones
462 2578 472 2598 ,
498 2545 534 2588 si
556 2543 665 2589 nulla
699 2545 914 2591 diuturnae
950 2548 1225 2606 possessionis
1261 2547 1364 2590 ratio
1388 2543 1590 2588 habeatur
1610 2577 1620 2595 ,
1647 2544 1683 2587 si

156 2619 322 2664 tandem
357 2633 486 2679 neque
510 2634 584 2665 sua
607 2626 685 2666 stet
708 2622 810 2668 fides
836 2626 966 2682 pactis
990 2627 1095 2669 inter
1119 2624 1311 2668 Sanctam
1335 2622 1439 2665 hanc
1464 2619 1569 2663 Sede
1580 2632 1620 2663 ni
1645 2624 1684 2663 et

159 2695 329 2741 Civilem
352 2696 596 2742 Potestatem
617 2700 693 2743 rite
715 2702 941 2745 conventis.
967 2701 1051 2745 'Nec
1074 2714 1197 2758 porro
1223 2699 1424 2756 ignoratis
1447 2709 1527 2740 non
1552 2694 1685 2740 solum

161 2771 404 2832 Religionis,
430 2775 503 2820 sed
526 2777 646 2821 etiam
671 2775 811 2821 Civilis
834 2775 1022 2833 Ordinis,
1048 2790 1095 2822 ac
1119 2775 1309 2836 publicae
1333 2776 1603 2833 privataeque
1624 2773 1686 2817 rei

1358 2852 1382 2895 6
