1987 3132
315 102 338 144 t.
802 115 1018 147 ALLOCcrto
1040 117 1081 146 st
1103 117 1278 147 samem

290 118 301 145 t

284 195 459 254 gradum
483 198 591 240 omni
614 197 763 241 virtute
787 199 1004 251 sustinere,
1029 197 1193 256 Nosque
1216 200 1258 243 in
1283 202 1390 243 tanto
1413 212 1551 243 rerum
1575 202 1793 245 certamine

280 278 318 317 et
351 273 586 317 discrimine
617 273 775 318 Vestris
805 274 985 319 consiliis
1020 279 1140 333 atque
1173 274 1382 320 laboribus
1416 277 1558 321 iurare
1588 290 1793 336 nunquam

280 350 492 393 omisistiS.
521 348 620 394 Cum
644 351 770 407 igitur
793 352 969 396 maximo
992 350 1067 396 Dei
1091 351 1289 397 beneficio
1308 366 1374 397 res
1394 354 1448 397 ita
1466 366 1686 398 conversae
1709 355 1794 399 fue—

279 428 375 477 rint,
414 430 455 470 ut
491 428 532 470 in
568 426 671 471 hanc
706 427 981 484 Apostolicam
1019 428 1165 473 Sedent
1198 431 1304 474 inter
1337 442 1519 474 summas
1554 443 1634 474 non
1662 430 1794 475 solum

279 502 398 547 huius
422 502 552 547 almae
575 501 715 555 Urbis,
752 503 824 548 sed
859 506 1040 549 ornniilm
1072 508 1193 551 etiam
1229 507 1469 565 populorum
1501 506 1792 563 gratulationes

279 578 412 623 redire
437 581 702 636 potuerimus,
730 580 829 624 nihil
852 586 961 626 certe
992 581 1119 626 Nobis
1155 582 1343 628 omnihus
1380 585 1512 640 potius
1539 597 1630 628 esse
1654 583 1790 636 (lebet,

279 668 399 712 quam
425 656 465 700 in
488 655 716 701 humilitate
739 656 874 701 cordis
899 658 1034 702 Nostri
1064 658 1253 704 assiduas
1289 665 1411 718 atquo
1443 660 1692 704 immortales
1716 661 1795 717 Ipsi

278 732 596 778 clement1ssimo
619 735 926 779 miserationum
949 734 1123 779 Domino
1146 749 1269 792 agere
1292 739 1462 793 gratias,
1501 739 1569 795 qui
1602 739 1691 782 feeit
1716 737 1796 782 No-

274 809 435 855 biscum
459 811 786 856 mIserIcordiam
809 825 941 864 suam,
975 813 1154 871 itemque
1187 813 1479 858 Sanctissimae
1501 813 1577 858 Dei
1600 814 1796 859 Genitrici

276 887 565 932 lmniaculatae
589 888 746 945 Virgini
781 888 950 941 Mariae,
977 891 1093 933 cqus
1119 891 1401 947 potentissimo
1438 892 1664 948 patrocinio
1687 890 1796 936 salu-

279 969 354 1008 tem
380 964 569 1008 Nostram
593 969 804 1023 acceptam
828 966 1061 1010 referimus.

336 1040 567 1093 Hactenus,
604 1040 865 1086 Venerabiles
908 1031 1090 1095 Fratres,
1129 1055 1177 1086 ea
1208 1044 1356 1100 raptim
1389 1045 1797 1088 commemorarimus

276 1130 380 1175 quae
402 1116 529 1160 NohIs
573 1117 1020 1171 Iucunditatisuerunt,
1061 1132 1166 1162 nunc
1191 1132 1288 1163 vero
1331 1133 1404 1177 pro
1444 1121 1627 1177 supremi
1661 1119 1798 1164 Nostri

280 1193 503 1251 Apostolici
526 1196 741 1238 ministerii
765 1193 900 1239 debito
933 1194 1040 1239 haud
1066 1209 1284 1253 possumus
1302 1197 1398 1253 quin
1420 1196 1469 1240 de
1493 1198 1542 1239 iis
1566 1195 1794 1254 loquamur,

277 1284 381 1328 quae
404 1284 473 1315 cor
495 1270 686 1315 Nostrum
720 1273 860 1315 intiine
883 1271 1125 1323 sollicitant,
1153 1277 1306 1328 augunt
1329 1277 1367 1316 et
1392 1277 1595 1330 premunt.
1623 1271 1799 1315 Nescitis

281 1350 403 1401 enim,
429 1347 693 1392 Venerabiles
718 1348 897 1400 Fratres,
921 1350 1173 1392 teterrimum
1192 1362 1290 1393 sane
1313 1353 1433 1406 atque
1450 1347 1701 1392 inexorabile
1715 1347 1802 1392 hel-

275 1425 357 1468 lum
380 1425 599 1470 excitatum
633 1427 737 1469 inter
760 1425 892 1469 lucem
922 1429 961 1468 et
986 1423 1201 1477 tenebras,
1240 1426 1346 1469 inter
1384 1426 1600 1469 veritatem
1628 1427 1668 1468 et
1691 1436 1801 1468 erro-

278 1515 386 1555 rem,
413 1503 518 1546 inter
552 1503 696 1546 vitium
736 1506 773 1546 et
796 1504 1002 1553 virtutem,
1042 1503 1146 1546 inter
1182 1501 1306 1545 Belial
1342 1506 1380 1546 et
1415 1500 1637 1553 Christum,
1671 1513 1801 1558 neque

280 1579 476 1634 ignoratis*
511 1577 660 1635 quihus
684 1578 852 1622 nefariis
876 1577 1033 1622 artibus
1058 1583 1096 1621 et
1125 1577 1400 1622 molitionibus
1434 1578 1587 1621 inimici
1618 1577 1800 1621 homines

281 1660 320 1698 et
355 1656 637 1698 sanctissimae
676 1659 838 1698 nostrae
882 1654 1104 1710 ReligioniS
1148 1667 1213 1697 res
1236 1653 1387 1712 uhIque
1419 1654 1601 1710 affligere
1623 1666 1670 1697 ac
1710 1666 1801 1711 pro-

280 1736 425 1783 strare,
447 1736 484 1774 et
509 1732 688 1774 omnium
712 1730 1034 1775 ChriStIanarum
1060 1733 1255 1775 rutulum
1280 1743 1449 1788 germen
1474 1729 1669 1774 radicitus
1693 1728 1802 1773 erel-

280 1807 379 1860 lere,
401 1812 438 1851 et
457 1808 718 1851 etl'raenatam
737 1809 985 1865 impiamque
1003 1807 1192 1863 opinandi
1211 1807 1458 1864 niveumque
1474 1806 1679 1850 licentiam
1701 1818 1801 1864 qua-

281 1896 504 1941 quaversus
529 1897 771 1941 propagare,
799 1888 837 1927 et
858 1885 1072 1941 imperitae
1097 1885 1336 1941 praesertim
1368 1881 1654 1934 multitudinis,
1681 1887 1801 1940 atque

282 1960 534 2018 improvidae
570 1961 792 2004 iuventutis
831 1962 987 2004 animos
1027 1965 1262 2018 mentesque
1300 1960 1550 2016 omnigeniS,
1593 1958 1800 2016 perversis

284 2038 608 2095 perniciosisque
630 2036 839 2081 erroribus
862 2037 1046 2089 inficere,
1075 2050 1338 2094 corrumpere
1357 2073 1365 2089 ,
1400 2040 1439 2080 et
1474 2038 1563 2080 iura
1585 2036 1719 2079 omnia
1741 2034 1803 2079 (li-

286 2116 380 2158 vina
403 2118 441 2157 et
464 2113 641 2157 humana
667 2113 922 2168 subvertere,
950 2118 988 2158 et
1005 2113 1039 2157 si
1064 2114 1152 2157 fieri
1175 2126 1353 2171 unquam
1378 2117 1529 2170 posset,
1557 2110 1797 2155 catholicam

287 2190 513 2234 Ecclesiam
538 2190 718 2235 funditus
734 2189 891 2242 delere,
919 2190 1190 2248 Sanctamque
1214 2189 1317 2233 hanc
1333 2189 1439 2232 Petri
1462 2187 1704 2232 Carnem-am
1731 2200 1800 2231 ex-

284 2280 489 2324 spuguare
513 2269 786 2311 connituntur.
814 2267 873 2311 Ae
896 2280 1012 2310 nemo
1041 2281 1119 2311 non
1144 2266 1251 2310 ridet
1276 2265 1424 2323 quihus
1449 2266 1691 2323 quantisque
1714 2277 1800 2308 ma-

285 2344 333 2387 tis
356 2348 393 2387 et
425 2343 584 2387 (laternis
608 2343 756 2388 Christi
780 2343 885 2387 ovile
907 2343 1033 2387 NobIs
1057 2343 1350 2393 concreditum,
1378 2355 1425 2386 ae
1449 2342 1511 2386 rel
1548 2343 1637 2399 ipsa
1659 2341 1801 2385 huma-

284 2434 336 2464 na
370 2422 542 2464 societas
577 2434 600 2464 a
625 2420 882 2464 tenebrarum
918 2425 1145 2478 potestate,
1187 2433 1266 2464 non
1299 2421 1386 2463 sine
1409 2432 1556 2476 magno
1580 2419 1703 2462 animi
1721 2418 1800 2462 No-

285 2498 357 2540 stri
390 2495 550 2548 dolore,
586 2497 764 2554 unuiquo
802 2497 1015 2540 atilictetur
1050 2501 1088 2540 et
1123 2496 1349 2540 (lirexetur.
1390 2496 1529 2553 ltaque
1566 2494 1692 2539 Nobis
1722 2494 1800 2538 'Vo-

284 2573 442 2631 hiSque,
469 2572 730 2616 Venerabiles
755 2573 941 2625 Fratres,
968 2574 1003 2617 si
1027 2587 1218 2631 umquam
1243 2573 1366 2625 alias,
1387 2586 1493 2617 minc
1516 2577 1623 2616 certe
1638 2584 1797 2615 summa

282 2652 508 2693 animorum
550 2651 815 2694 consensIone
854 2652 1043 2708 omnique
1078 2650 1290 2707 x'Igilantia
1311 2685 1320 2702 ,
1367 2649 1450 2693 zelo
1472 2685 1480 2701 ,
1519 2647 1794 2700 contenti0ne,

284 2730 321 2769 et
345 2739 423 2784 qua
445 2738 581 2784 opere,
609 2739 690 2783 qua
714 2727 854 2780 verbo,
879 2740 959 2786 qua
981 2726 1164 2784 exemplo
1186 2732 1350 2772 strenue
1387 2731 1448 2771 est
1470 2723 1793 2778 allaborandum,
