1987 3132
292 119 346 162 :56
588 131 776 163 Erisrom
800 130 1015 162 memmei
1036 131 1188 161 Nesus
1210 131 1266 161 ET
1288 131 1509 161 mulsam!

298 212 442 257 tualem
467 225 557 257 esse
580 216 738 256 constat
761 213 990 256 animarum
1013 211 1148 256 cibum
1187 217 1225 256 et
1263 211 1502 263 antidotum,
1541 224 1618 268 quo
1655 210 1804 256 libere-

294 302 385 333 mur
408 303 431 333 a
448 289 578 346 culpis
601 288 864 346 quotidianis,
891 292 929 332 et
960 301 984 331 a
1008 289 1185 345 peccatis
1215 286 1452 332 mortalibus
1476 300 1802 344 praescrvemur,

297 370 416 423 atque
438 364 539 408 adeo
561 363 794 422 symbolum
816 365 935 408 unlus
959 364 1066 408 illius
1091 366 1286 423 corporis,
1314 366 1428 408 cuius
1466 362 1649 408 Christus
1688 367 1806 422 caput

297 442 448 494 existtt‚
475 442 620 499 cuique
643 454 732 493 nos,
771 445 961 499 tanquam
1000 441 1199 494 membra,
1242 442 1473 485 arctissima
1511 438 1621 494 fidei,
1660 441 1747 496 spei
1770 444 1809 484 et

297 520 476 562 caritatis
501 519 749 562 connexione
771 518 989 562 adstrictos
1012 531 1102 561 esse
1127 517 1275 569 voluit,
1314 522 1356 561 ut
1385 516 1561 575 idipsum
1585 529 1724 560 omnes
1747 514 1809 560 di-

300 608 502 649 ceremus,
528 608 603 638 nec
626 598 762 638 essent
784 595 823 638 in
847 593 964 638 nobis
988 594 1210 638 schismata
1236 594 1271 636 1.

357 670 559 728 Equidem
583 684 660 715 non
684 670 932 723 dubitamus,
959 673 1055 728 quin
1080 669 1266 722 Parochi,
1294 683 1514 728 eorumque
1536 669 1742 713 adiutores
1772 673 1809 713 et

297 746 542 792 Sacerdotes
567 747 651 802 alii,
678 749 749 805 qui
772 749 894 791 cerus
918 746 1080 799 diebus,
1108 747 1349 791 ieiuniorum
1385 748 1624 803 praesertim
1659 750 1813 802 tempo-

298 838 358 877 re,
385 824 435 868 ad
462 823 774 882 praedicationis
812 825 1083 867 ministerium
1119 823 1314 867 destinari
1351 827 1662 875 consueverunt,
1698 823 1813 866 auxi-

298 900 441 944 liarem
466 900 589 944 Vobis
613 914 778 958 operam
802 899 944 944 sedulo
968 901 1008 944 in
1028 900 1091 943 liis
1116 899 1304 943 omnibus
1329 900 1407 943 siut
1432 900 1679 956 praestituri.
1702 898 1814 941 Atta-

298 989 391 1021 men
428 977 589 1021 illorum
627 990 772 1034 operae
811 977 1036 1034 adiungere
1075 977 1277 1021 interdum
1307 980 1461 1033 oportet
1493 974 1814 1019 extraordinaria

302 1052 488 1096 subsidia
528 1052 809 1110 Spiritualium
843 1052 1175 1106 Exeicitiorum,
1217 1058 1253 1097 et
1290 1052 1507 1096 Sacrarum
1539 1052 1811 1103 Missionum‚

300 1143 418 1188 quas,
444 1128 515 1173 ubi
539 1131 737 1187 operariis
772 1129 929 1174 idoneis
966 1132 1208 1174 commissae
1243 1130 1407 1184 suerint,
1446 1128 1563 1172 valde
1597 1128 1714 1172 utiles
1745 1127 1816 1172 be-

299 1205 515 1250 nedicente
550 1205 723 1251 Domino
758 1219 848 1251 esse
884 1211 1041 1251 constat
1079 1211 1163 1251 tum
1187 1205 1382 1250 fovendae
1422 1205 1618 1249 bonorum
1659 1206 1812 1262 pietati,

301 1286 387 1326 tum
413 1282 710 1340 peccatoribus,
737 1287 777 1326 et
798 1283 920 1339 longo
946 1284 1067 1326 ctiam
1090 1285 1280 1326 x‘itiorum
1318 1280 1457 1326 habitu
1489 1281 1731 1339 depravatis
1747 1280 1818 1325 ho-

302 1358 481 1403 minibus
506 1358 557 1402 ad
582 1359 801 1403 salutarem
824 1361 1112 1417 poenitentiam
1138 1358 1378 1411 excitandis,
1406 1363 1525 1416 atque
1562 1357 1663 1402 adeo
1696 1362 1739 1402 ut
1771 1358 1820 1401 fi-

305 1434 407 1479 delis
433 1435 604 1493 populus
630 1441 789 1480 crescat
812 1437 852 1480 in
877 1437 1044 1480 scientia
1067 1435 1156 1488 Dei,
1185 1441 1224 1480 et
1246 1437 1286 1479 in
1311 1436 1419 1479 omni
1442 1448 1564 1493 opere
1598 1433 1704 1478 bono
1739 1435 1822 1478 sru-

303 1512 467 1565 ctfficet,
496 1516 535 1557 et
556 1511 815 1557 uberIorIbus
840 1512 1026 1556 caelestis
1065 1513 1221 1569 gratiae
1256 1511 1416 1556 auxiliis
1457 1513 1635 1555 munitus
1669 1525 1693 1555 a
1726 1524 1820 1568 per-

303 1591 435 1632 versis
459 1590 719 1633 inimieorum
742 1588 951 1633 Ecclesiae
975 1588 1168 1632 doctrinis
1192 1589 1441 1632 constantius
1466 1586 1697 1630 abhorreat.

365 1664 554 1709 Ceterum
579 1666 619 1707 in
643 1664 706 1709 his
730 1663 917 1708 omnibus
942 1664 1125 1716 Vestrae,
1154 1677 1199 1708 ac
1241 1662 1508 1707 Sacerdotum
1546 1662 1669 1706 Vobis
1709 1663 1823 1707 auxi-

308 1741 489 1785 llantiiun
515 1754 637 1785 curae
660 1754 706 1785 co
730 1744 835 1785 inter
859 1740 939 1785 alia
960 1739 1217 1799 spectabunt,
1244 1745 1288 1784 ut
1325 1739 1466 1783 fideles
1506 1741 1700 1783 maiorem
1729 1740 1824 1783 hor-

307 1830 441 1862 rorem
465 1818 694 1875 concipiant
718 1816 878 1861 illorum
901 1816 1117 1869 scelerum,
1151 1830 1255 1874 quae
1295 1829 1386 1860 cum
1425 1815 1595 1859 aliorum
1634 1814 1824 1859 scandalo

308 1898 534 1951 patrantur.
563 1893 697 1937 Nesus
721 1895 844 1945 enim,
873 1897 1069 1951 quantum
1094 1892 1270 1936 diversis
1303 1893 1344 1936 in
1366 1891 1464 1935 locis
1500 1893 1724 1935 excreverit
1759 1904 1826 1936 eo-

311 1983 401 2014 rum
426 1982 634 2022 numerus7
662 1970 731 2027 qui
756 1969 925 2013 Sanctes
950 1969 1139 2021 Caelites,
1167 1968 1231 2012 vel
1254 1970 1388 2027 ipsum
1413 1980 1571 2026 quoque
1608 1966 1828 2012 Sacrosan·

312 2049 421 2090 ctum
445 2044 519 2089 Dei
542 2045 697 2089 Nomen
722 2045 855 2102 palam
878 2044 1166 2103 blasphemare
1189 2044 1353 2096 audent,
1391 2048 1459 2088 aut
1488 2045 1527 2088 in
1557 2043 1826 2087 concubinatu

312 2123 453 2166 vivere
475 2121 770 2178 dignoscuntur
794 2134 885 2165 cum
908 2123 1065 2165 incestu
1090 2120 1292 2165 interdum
1327 2121 1553 2172 coniuncto,
1597 2124 1664 2163 aut
1698 2120 1826 2163 Festis

314 2197 460 2242 diebus
483 2198 646 2242 servilia
667 2211 790 2255 opera
813 2199 965 2255 apertis
989 2199 1110 2241 etiam
1133 2198 1306 2241 officinis
1329 2201 1533 2248 exercent,
1577 2200 1644 2239 aut
1684 2194 1828 2239 Eccle-

313 2275 399 2318 siae
433 2278 648 2331 praecepta
670 2273 720 2317 de
743 2275 903 2318 ieiunus
939 2272 1203 2331 ciborumque
1239 2272 1399 2316 delectu
1438 2271 1626 2329 pluribus
1667 2284 1828 2330 quoque

318 2349 575 2394 adstantibus
605 2355 895 2403 contemnunt,
921 2354 989 2394 aut
1027 2349 1106 2393 alia
1146 2349 1309 2393 diversa
1346 2350 1517 2392 crimiila
1551 2348 1674 2392 simili
1710 2347 1827 2393 modo

319 2428 572 2471 committere
593 2439 672 2470 nen
696 2425 954 2470 erubeseunt.
984 2425 1212 2469 lIIemInerit
1235 2427 1377 2482 igitur,
1404 2424 1528 2469 Vobis
1552 2424 1796 2469 instanthus
1815 2460 1825 2477 ‚

320 2502 453 2547 fidelis
476 2502 645 2560 populus
669 2507 707 2546 et
728 2505 834 2547 serio
857 2502 1082 2547 consideret
1105 2516 1294 2559 magnam
1321 2507 1576 2559 peccatorum
1600 2501 1831 2546 huiusmodi

321 2581 561 2637 gravitatem
589 2584 627 2624 et
649 2581 933 2623 severissimas
957 2593 1106 2637 poenas
1132 2616 1139 2632 ,
1166 2579 1315 2637 quibus
1339 2579 1501 2623 illorum
1535 2583 1720 2623 auctores
1744 2578 1831 2636 ple-

325 2657 459 2701 ctendi
478 2661 593 2701 erunt
618 2662 699 2701 tum
723 2671 795 2715 pro
813 2662 926 2701 reatu
950 2659 1144 2716 cuiusque
1161 2658 1344 2701 critninis
1360 2657 1538 2715 proprio⁷
1561 2660 1642 2699 tum
1661 2668 1731 2712 pro
1749 2657 1834 2714 spi-

386 2821 402 2856 1
433 2822 485 2858 Ex
504 2822 603 2859 Trid.
625 2823 722 2860 Sess.
743 2822 840 2859 XIII.
861 2823 969 2860 Dccr.
991 2824 1035 2859 de
1053 2823 1119 2860 SS.
1135 2823 1295 2861 Βαίτων.
1315 2821 1559 2866 Saeramenw,
1581 2828 1662 2866 cap.
1681 2819 1716 2856 ⁶2.
